
@thesis{adebiyiEmotionBasedMusic2020,
  type = {mathesis},
  title = {An {{Emotion Based Music Recommender System Using Deep Learning}}},
  author = {Adebiyi, Sodiq},
  date = {2020},
  institution = {{Dublin, National College of Ireland}},
  url = {http://norma.ncirl.ie/4378/},
  urldate = {2022-01-15},
  abstract = {Emotions are affective states which show an individual’s response to mental stimulus. In this paper, we propose the use of Deep Learning and music therapy to influence negative emotions associated with dementia episodes – (Anger, Fear, Sadness and Confusion) and therefore help the patient achieve neutral or positive emotion states – (Joy and Trust). Targeted emotions were identified with the help of a Convoluted Neural Network (CNN) model built on curated datasets containing annotated emotion-labelled audio clips. These audio clips were converted to Mel Frequency Spectrograms (MFS) for classification according to the emotions they represent. We then selected music according to this emotional state using content-based filtering. We achieved average classification results of accuracy: 95.25\%, recall: 72.44\%, precision: 87.42\% and F1 score: 0.7922. Keywords: Deep Learning, Recommender Systems, Music Therapy, Dementia, Convoluted Neural Network},
  langid = {english},
  pagetotal = {24},
  file = {D\:\\Austi\\Documents\\Zotero\\attachments\\2020\\Adebiyi\\An Emotion Based Music Recommender System Using Deep Learning\\Adebiyi_2020_An Emotion Based Music Recommender System Using Deep Learning.pdf;D\:\\Austi\\Documents\\Zotero\\config\\storage\\J3P63V7J\\4378.html}
}

@article{adomaviciusNextGenerationRecommender2005,
  title = {Toward the next Generation of Recommender Systems: A Survey of the State-of-the-Art and Possible Extensions},
  shorttitle = {Toward the next Generation of Recommender Systems},
  author = {Adomavicius, G. and Tuzhilin, A.},
  date = {2005-06},
  journaltitle = {IEEE Transactions on Knowledge and Data Engineering},
  volume = {17},
  number = {6},
  pages = {734--749},
  issn = {1558-2191},
  doi = {10.1109/TKDE.2005.99},
  abstract = {This paper presents an overview of the field of recommender systems and describes the current generation of recommendation methods that are usually classified into the following three main categories: content-based, collaborative, and hybrid recommendation approaches. This paper also describes various limitations of current recommendation methods and discusses possible extensions that can improve recommendation capabilities and make recommender systems applicable to an even broader range of applications. These extensions include, among others, an improvement of understanding of users and items, incorporation of the contextual information into the recommendation process, support for multicriteria ratings, and a provision of more flexible and less intrusive types of recommendations.},
  eventtitle = {{{IEEE Transactions}} on {{Knowledge}} and {{Data Engineering}}},
  keywords = {Books,Business,Cognitive science,Collaboration,collaborative filtering,Collaborative work,Context modeling,extensions to recommender systems.,Filtering,Hybrid power systems,Index Terms- Recommender systems,Motion pictures,rating estimation methods,Recommender systems},
  file = {D\:\\Austi\\Documents\\Zotero\\attachments\\2005\\Adomavicius_Tuzhilin\\Toward the next generation of recommender systems\\Adomavicius_Tuzhilin_2005_Toward the next generation of recommender systems.pdf;D\:\\Austi\\Documents\\Zotero\\config\\storage\\4K4FHCL2\\1423975.html}
}

@inproceedings{ahmadkamalRecommenderSystemRating2020,
  title = {Recommender {{System}}: {{Rating}} Predictions of {{Steam Games Based}} on {{Genre}} and {{Topic Modelling}}},
  shorttitle = {Recommender {{System}}},
  booktitle = {2020 {{IEEE International Conference}} on {{Automatic Control}} and {{Intelligent Systems}} ({{I2CACIS}})},
  author = {b. Ahmad Kamal, Ahmad Shahiran and Saaidin, Shuria and Kassim, Murizah},
  date = {2020-06},
  pages = {212--218},
  doi = {10.1109/I2CACIS49202.2020.9140194},
  abstract = {In this modern society, the majority of e-commerce platform have a recommender system. Recommender system is a popular and powerful way to introduce users with suggestions that they are most probably going to buy or use. The research conducted mainly focuses on implementation of genre-based and topic modeling model in a recommender system to predict rating of games for a user using a public Steam dataset. Both models will also be combined to implement a hybrid recommender system. Our models use KNN algorithm to predict rating of a targeted user. The system is fully implemented in Python programming language. Multiple Python libraries were utilized for data cleaning process. All predicted ratings generated were evaluated and compared to each other. Based on results evaluated, genre-based model outperforms both topic modeling and hybrid models. However, the performance of genre-based model doesn't outperform the model performance from previous research. Therefore, it can be concluded that genre isn't a suitable parameter for recommending games.},
  eventtitle = {2020 {{IEEE International Conference}} on {{Automatic Control}} and {{Intelligent Systems}} ({{I2CACIS}})},
  keywords = {Cleaning,Data models,Games,genre-based,Libraries,predict,Predictive models,rating,recommender,Recommender systems,topic modeling},
  file = {D\:\\Austi\\Documents\\Zotero\\attachments\\2020\\Ahmad Kamal et al\\Recommender System\\Ahmad Kamal et al_2020_Recommender System.pdf;D\:\\Austi\\Documents\\Zotero\\config\\storage\\9277IGCS\\9140194.html}
}

@online{arnevonseeTotalDataVolume2021,
  title = {Total Data Volume Worldwide 2010-2025},
  author = {Arne von See},
  date = {2021-07-01},
  url = {https://www.statista.com/statistics/871513/worldwide-data-created/},
  abstract = {The total amount of data created, captured, copied, and consumed globally is forecast to increase rapidly, reaching 64.2 zettabytes in 2020.},
  langid = {english},
  organization = {{Statista}},
  file = {D\:\\Austi\\Documents\\Zotero\\config\\storage\\EPBETY3F\\worldwide-data-created.html}
}

@article{balabanovicFabContentbasedCollaborative1997,
  title = {Fab: Content-Based, Collaborative Recommendation},
  shorttitle = {Fab},
  author = {Balabanović, Marko and Shoham, Yoav},
  date = {1997-03-01},
  journaltitle = {Communications of the ACM},
  shortjournal = {Commun. ACM},
  volume = {40},
  number = {3},
  pages = {66--72},
  issn = {0001-0782},
  doi = {10.1145/245108.245124},
  url = {https://doi.org/10.1145/245108.245124},
  urldate = {2022-04-13},
  file = {D\:\\Austi\\Documents\\Zotero\\attachments\\1997\\Balabanović_Shoham\\Fab\\Balabanović_Shoham_1997_Fab.pdf}
}

@article{canoHybridRecommenderSystems2017,
  title = {Hybrid {{Recommender Systems}}: {{A Systematic Literature Review}}},
  shorttitle = {Hybrid {{Recommender Systems}}},
  author = {Çano, Erion and Morisio, Maurizio},
  date = {2017-11-15},
  journaltitle = {Intelligent Data Analysis},
  shortjournal = {IDA},
  volume = {21},
  number = {6},
  eprint = {1901.03888},
  eprinttype = {arxiv},
  pages = {1487--1524},
  issn = {1088467X, 15714128},
  doi = {10.3233/IDA-163209},
  url = {http://arxiv.org/abs/1901.03888},
  urldate = {2022-04-29},
  abstract = {Recommender systems are software tools used to generate and provide suggestions for items and other entities to the users by exploiting various strategies. Hybrid recommender systems combine two or more recommendation strategies in different ways to benefit from their complementary advantages. This systematic literature review presents the state of the art in hybrid recommender systems of the last decade. It is the first quantitative review work completely focused in hybrid recommenders. We address the most relevant problems considered and present the associated data mining and recommendation techniques used to overcome them. We also explore the hybridization classes each hybrid recommender belongs to, the application domains, the evaluation process and proposed future research directions. Based on our findings, most of the studies combine collaborative filtering with another technique often in a weighted way. Also cold-start and data sparsity are the two traditional and top problems being addressed in 23 and 22 studies each, while movies and movie datasets are still widely used by most of the authors. As most of the studies are evaluated by comparisons with similar methods using accuracy metrics, providing more credible and user oriented evaluations remains a typical challenge. Besides this, newer challenges were also identified such as responding to the variation of user context, evolving user tastes or providing cross-domain recommendations. Being a hot topic, hybrid recommenders represent a good basis with which to respond accordingly by exploring newer opportunities such as contextualizing recommendations, involving parallel hybrid algorithms, processing larger datasets, etc.},
  archiveprefix = {arXiv},
  keywords = {Computer Science - Computers and Society,Computer Science - Information Retrieval,Computer Science - Machine Learning},
  file = {D\:\\Austi\\Documents\\Zotero\\attachments\\2017\\Çano_Morisio\\Hybrid Recommender Systems\\Çano_Morisio_2017_Hybrid Recommender Systems.pdf;D\:\\Austi\\Documents\\Zotero\\config\\storage\\IZWWAKPP\\1901.html}
}

@article{chaiJiYuWord2vecDeTuShuGuanTuShuTuiJianXiTongDeShiXianYanJiu2022,
  title = {基于Word2vec的图书馆图书推荐系统的实现研究},
  author = {柴, 源},
  date = {2022},
  journaltitle = {电子设计工程},
  volume = {30},
  number = {02},
  pages = {7-10+15},
  issn = {1674-6236},
  doi = {10.14022/j.issn1674-6236.2022.02.002},
  url = {https://kns.cnki.net/kcms/detail/detail.aspx?dbcode=CJFD&dbname=CJFDLAST2022&filename=GWDZ202202002&uniplatform=NZKPT&v=4oAjxSKVoZ21WDPiTnzJZ91BhD-VzD-yRtVI_b1mCuUb3G4XaSP12psGtrOPUkqX},
  urldate = {2022-03-11},
  abstract = {针对图书馆图书推荐系统数据稀疏、语义缺乏、无法解决图书在时间上的局部共存问题,采用Word2vec技术,将读者借阅的所有图书作为一条具有上下文关系的图书序列,训练得到每本图书的向量表示,并将这些图书的向量进行求和,通过余弦距离计算图书在向量空间上的相似度,并与求和的值进行比较,选择比较接近的值的图书,形成推荐列表。采集西安航空学院图书馆2019年的借阅数据进行实验,推荐结果的相似性达到77\%,相似性比较高,说明Word2vec在图书推荐系统的应用方面具有较强的适用性。},
  langid = {chinese},
  keywords = {book recommendation,borrowing data,university library,Word2vec,借阅数据,图书推荐,高校图书馆},
  file = {D\:\\Austi\\Documents\\Zotero\\attachments\\2022\\柴\\基于Word2vec的图书馆图书推荐系统的实现研究\\柴_2022_基于Word2vec的图书馆图书推荐系统的实现研究.pdf}
}

@article{chenJiYuShenDuXueXiDeGeXingHuaWangBaYouXiTuiJian2019,
  title = {基于深度学习的个性化网吧游戏推荐},
  author = {陈, 耀旺 and 严, 伟 and 俞, 东进 and 徐, 凯辉 and 夏, 艺 and 杨, 威},
  date = {2019},
  journaltitle = {计算机工程},
  volume = {45},
  number = {01},
  pages = {206-209+216},
  issn = {1000-3428},
  doi = {10.19678/j.issn.1000-3428.0049121},
  url = {https://kns.cnki.net/KCMS/detail/detail.aspx?dbcode=CJFD&dbname=CJFDLAST2019&filename=JSJC201901034&v=},
  abstract = {与传统推荐模型相比,深度学习可以更好地理解用户需求、项目特征及用户与项目之间的互动性,从而更有效地发现用户和项目之间的匹配关系。将深度神经网络应用于网吧游戏推荐场景,分析用户的个人偏好,根据时间推移兴趣的变化,对用户历史游戏行为记录进行建模训练,为用户提供个性化Top-N游戏推荐。基于深度神经网络设计训练模型,输入层采用对用户历史行为数据处理后的用户偏好向量,隐藏层运用ReLU激活函数的多层网络,输出层则采用逻辑回归的Softmax结构,最终运用带L2规范项的代价函数评估学习到的模型可靠性。在真实数据集下的实验结果表明,随着隐藏层的增加,该方法能明显降低均方根误差,且能提高召回率。},
  langid = {chinese},
  keywords = {deep learning,deep neural network,game scene,recommendation algorithm,个性化网吧,推荐算法,深度学习,深度神经网络,游戏场景 personalized internet bar},
  annotation = {3 citations(CNKI)[2022-01-10]{$<$}北大核心, CSCD{$>$}},
  file = {D\:\\Austi\\Documents\\Zotero\\attachments\\2019\\陈 et al\\基于深度学习的个性化网吧游戏推荐\\陈 et al_2019_基于深度学习的个性化网吧游戏推荐.pdf}
}

@thesis{chenJiYuXieTongGuoLuDeRenZhiXunLianYouXiGeXingHuaTuiJianXiTongKaiFaYanJiu2017,
  type = {硕士},
  title = {基于协同过滤的认知训练游戏个性化推荐系统开发研究},
  author = {陈, 龙},
  date = {2017},
  institution = {{浙江工业大学}},
  url = {https://kns.cnki.net/KCMS/detail/detail.aspx?dbcode=CMFD&dbname=CMFD201802&filename=1018044260.nh&v=},
  abstract = {随着教育神经科学的发展,人们对脑科学与教育的相关性有了进一步的认识。近年来基于脑科学方法的一系列研究证明游戏具有促进认知能力发展的功能,同时也有研究表明学习者的个体差异会让其在认知训练中的获得不同的效果。理论促进了应用的发展,现在涌现出很多提供认知训练的系统。然而当前的认知训练系统的推荐方式存在推荐不够个性化的问题,如单纯以点击量或者访问量为标准的“最受欢迎游戏”、“最热门游戏”等推荐方式。在非个性化推荐下,用户可能难以选择适合自己的认知训练游戏,同时用户可能不知道自己要多长时间进行训练或者每次训练时训练量要达到多少才会产生效果。为了解决上述问题,本文引入协同过滤推荐算法,设计和实现了基于协同过滤的认知训练游戏个性化推荐系统,并详细阐述了如何解决推荐系统中存在的“冷启动”和“数据稀疏”问题,通过基于内容的推荐算法和项目评分预测算法来排除问题,提高推荐系统精度,同时将本文提出的认知训练游戏个性化推荐系统应用到认知训练平台。为了验证个性化推荐效果,本文选取某大学的在校学生进行有效性实验和满意度调查。试验结果表明:采用个性化推荐进行认知训练的学生的认知能力提升效果大于采用随机非个性化推荐进行认知训练的学生,调查结果表明:学生更愿意使用具有个性化推荐功能的系统。本文提出的基于协同过滤的认知训练游戏个性化推荐系统能够改善用户训练体验,激起用户的训练兴趣,提高用户的训练效率,更好地提升用户的认知能力的发展。},
  editora = {邱, 飞岳},
  editoratype = {collaborator},
  langid = {chinese},
  keywords = {cognitive training game,collaborative filtering,个性化推荐,协同过滤,认知训练游戏 personalized recommender},
  file = {D\:\\Austi\\Documents\\Zotero\\attachments\\2017\\陈\\基于协同过滤的认知训练游戏个性化推荐系统开发研究\\陈_2017_基于协同过滤的认知训练游戏个性化推荐系统开发研究.pdf}
}

@thesis{chenJiYuYinShiFanKuiShuJuDeGeXingHuaYouXiTuiJian2018,
  type = {硕士},
  title = {基于隐式反馈数据的个性化游戏推荐},
  author = {陈, 聪},
  date = {2018},
  institution = {{杭州电子科技大学}},
  url = {https://kns.cnki.net/kcms/detail/detail.aspx?dbcode=CMFD&dbname=CMFD201901&filename=1018252726.nh&uniplatform=NZKPT&v=YeLvVSof8JME4uKYyAi83lr9m3GOxtf_QMnOpxpLxK-BWca05STA50oJWVruJ8M2},
  urldate = {2022-01-12},
  abstract = {近十年来,随着互联网应用的不断普及,信息过载问题日益严重,人们获取真正感兴趣的内容所花费的代价正变得越来越高。推荐系统是缓解信息过载问题的一种有效工具。其通过用户的历史行为数据、物品的相关数据以及用户画像等对用户偏好建模,帮助用户发现符合其兴趣偏好的内容。在游戏领域,精准的个性化游戏推荐对于商家挖掘可能喜爱某款游戏的潜在玩家以及提升玩家的体验水平具有重要意义。现有推荐系统通常采用评分、评论等显式反馈数据实现个性化推荐。但在游戏推荐领域,上述显式反馈数据往往难以获取,从而导致了在其他领域非常有效的一些传统推荐算法不能很好地应用到游戏推荐领域中。与此相反,诸如点击行为、浏览记录等隐式反馈数据在游戏...},
  langid = {chinese},
  keywords = {Game Recommendation,Implicit feedback,Learning rate,Pseudo Rating,Recommendation System,SVD++,伪评分,学习率,推荐系统,游戏推荐,隐式反馈},
  file = {D\:\\Austi\\Documents\\Zotero\\attachments\\2018\\陈\\基于隐式反馈数据的个性化游戏推荐\\陈_2018_基于隐式反馈数据的个性化游戏推荐.pdf}
}

@unpublished{choiReinforcementLearningBased2018,
  title = {Reinforcement {{Learning}} Based {{Recommender System}} Using {{Biclustering Technique}}},
  author = {Choi, Sungwoon and Ha, Heonseok and Hwang, Uiwon and Kim, Chanju and Ha, Jung-Woo and Yoon, Sungroh},
  date = {2018-01-16},
  eprint = {1801.05532},
  eprinttype = {arxiv},
  primaryclass = {cs},
  url = {http://arxiv.org/abs/1801.05532},
  urldate = {2022-01-15},
  abstract = {A recommender system aims to recommend items that a user is interested in among many items. The need for the recommender system has been expanded by the information explosion. Various approaches have been suggested for providing meaningful recommendations to users. One of the proposed approaches is to consider a recommender system as a Markov decision process (MDP) problem and try to solve it using reinforcement learning (RL). However, existing RL-based methods have an obvious drawback. To solve an MDP in a recommender system, they encountered a problem with the large number of discrete actions that bring RL to a larger class of problems. In this paper, we propose a novel RL-based recommender system. We formulate a recommender system as a gridworld game by using a biclustering technique that can reduce the state and action space significantly. Using biclustering not only reduces space but also improves the recommendation quality effectively handling the cold-start problem. In addition, our approach can provide users with some explanation why the system recommends certain items. Lastly, we examine the proposed algorithm on a real-world dataset and achieve a better performance than the widely used recommendation algorithm.},
  archiveprefix = {arXiv},
  keywords = {Computer Science - Artificial Intelligence,Computer Science - Information Retrieval},
  file = {D\:\\Austi\\Documents\\Zotero\\attachments\\2018\\Choi et al\\Reinforcement Learning based Recommender System using Biclustering Technique\\Choi et al_2018_Reinforcement Learning based Recommender System using Biclustering Technique.pdf;D\:\\Austi\\Documents\\Zotero\\config\\storage\\ME7ZF3UR\\1801.html}
}

@inproceedings{dingContextAwareRecommender2018,
  title = {Context {{Aware Recommender System}} for {{Large Scaled Flash Sale Sites}}},
  booktitle = {2018 {{IEEE International Conference}} on {{Big Data}} ({{Big Data}})},
  author = {Ding, Wanying and Xu, Ran and Ding, Ying and Zhang, Yue and Luo, Chuanjiang and Yu, Zhendong},
  date = {2018-12},
  pages = {993--1000},
  doi = {10.1109/BigData.2018.8622062},
  abstract = {Flash Sale Sites popularize because they save great money for users. Good recommender systems can further save users' time to improve their online shopping experiences. Although there exist a lot of studies on recommender system, very few focus on flash sale sites. Big Data, Context Sensitivity, and Feature Engineering are three key challenges for one to build a good recommender system. This paper proposes two deep learning oriented models: Tensor-AutoRec and Hybrid-AutoRec to cope with the problems within an industrial context. First, these two models can handle storage and speed problem caused by big data. Second, both models incorporate context information, so they can generate more relevant recommendations by adapting to specific contextual situations. Third, our deep learning-based models can be trained end-to-end without tedious feature engineerings. Extensive experiments with a half year real transcation data demonstrate that our models can outperform classical ones in terms of different evaluation metrices. Finally, online A/B testing results showed that our model can improve our old recommendation system over various online performance indicators.},
  eventtitle = {2018 {{IEEE International Conference}} on {{Big Data}} ({{Big Data}})},
  keywords = {Adaptation models,Big Data,Collaboration,Context modeling,Deep learning,Deep Learning,Distributed System,Mathematical model,Recommender System,Recommender systems,Representation Learning},
  file = {D\:\\Austi\\Documents\\Zotero\\attachments\\2018\\Ding et al\\Context Aware Recommender System for Large Scaled Flash Sale Sites\\Ding et al_2018_Context Aware Recommender System for Large Scaled Flash Sale Sites.pdf;D\:\\Austi\\Documents\\Zotero\\config\\storage\\NS5H3LHZ\\8622062.html}
}

@article{duchiAdaptiveSubgradientMethods2011,
  title = {Adaptive {{Subgradient Methods}} for {{Online Learning}} and {{Stochastic Optimization}}},
  author = {Duchi, John and Hazan, Elad and Singer, Yoram},
  date = {2011-07-01},
  journaltitle = {The Journal of Machine Learning Research},
  shortjournal = {J. Mach. Learn. Res.},
  volume = {12},
  pages = {2121--2159},
  issn = {1532-4435},
  abstract = {We present a new family of subgradient methods that dynamically incorporate knowledge of the geometry of the data observed in earlier iterations to perform more informative gradient-based learning. Metaphorically, the adaptation allows us to find needles in haystacks in the form of very predictive but rarely seen features. Our paradigm stems from recent advances in stochastic optimization and online learning which employ proximal functions to control the gradient steps of the algorithm. We describe and analyze an apparatus for adaptively modifying the proximal function, which significantly simplifies setting a learning rate and results in regret guarantees that are provably as good as the best proximal function that can be chosen in hindsight. We give several efficient algorithms for empirical risk minimization problems with common and important regularization functions and domain constraints. We experimentally study our theoretical analysis and show that adaptive subgradient methods outperform state-of-the-art, yet non-adaptive, subgradient algorithms.},
  issue = {null},
  file = {D\:\\Austi\\Documents\\Zotero\\attachments\\2011\\Duchi et al\\Adaptive Subgradient Methods for Online Learning and Stochastic Optimization\\Duchi et al_2011_Adaptive Subgradient Methods for Online Learning and Stochastic Optimization.pdf}
}

@article{fengJiYuPingFenJuZhenYuPingLunWenBenDeShenDuTuiJianMoXing2020,
  title = {基于评分矩阵与评论文本的深度推荐模型},
  author = {冯, 兴杰 and 曾, 云泽},
  date = {2020},
  journaltitle = {计算机学报},
  volume = {43},
  number = {05},
  pages = {884--900},
  issn = {0254-4164},
  url = {https://kns.cnki.net/KCMS/detail/detail.aspx?dbcode=CJFD&dbname=CJFDLAST2020&filename=JSJX202005008&v=},
  abstract = {基于评分矩阵的矩阵分解模型被广泛研究与应用,但是数据稀疏性问题严重制约了该模型的推荐效果.基于评论文本的推荐模型能够从文本信息中刻画用户偏好和商品特征,有效缓解了评分数据的稀疏性,但忽略了评分矩阵中用户和商品的潜在因子.为了进一步提高推荐质量,融合评分矩阵和评论文本的推荐模型被相继提出,但其仅仅局限在浅层线性特征层面,而且用户特征与商品的高级抽象特征未被充分挖掘,因此本文提出深度学习模型DeepCLFM(Deep Collaborative Latent Factor Model).该模型基于预训练的BERT模型,结合双向GRU和注意力机制从用户评论和商品评论中提取用户和商品的深层非线性特征向量,并根据用户和商品的编号映射出用户和商品的潜在隐向量.为了充分融合深层非线性特征和隐特征,DeepCLFM将用户和商品的深层特征向量与潜在隐向量以一、二阶特征项的方式产生深度特征项来预测出用户对商品的评分.在5组公开数据集上,以推荐结果的均方误差MSE作为评估指标进行对比实验,结果表明DeepCLFM的预测误差比多个优秀的基准算法更低,且平均预测误差最大降低了6.402\%.},
  langid = {chinese},
  keywords = {cold start,neural network,rating matrix,review text,冷启动 recommender systems,推荐系统,神经网络,评分矩阵,评论文本},
  annotation = {26 citations(CNKI)[2022-1-15]{$<$}北大核心, EI, CSCD{$>$}},
  file = {D\:\\Austi\\Documents\\Zotero\\attachments\\2020\\冯_曾\\基于评分矩阵与评论文本的深度推荐模型\\冯_曾_2020_基于评分矩阵与评论文本的深度推荐模型.pdf}
}

@inproceedings{gaoDRCGRDeepReinforcement2019,
  title = {{{DRCGR}}: {{Deep Reinforcement Learning Framework Incorporating CNN}} and {{GAN-Based}} for {{Interactive Recommendation}}},
  shorttitle = {{{DRCGR}}},
  booktitle = {2019 {{IEEE International Conference}} on {{Data Mining}} ({{ICDM}})},
  author = {Gao, Rong and Xia, Haifeng and Li, Jing and Liu, Donghua and Chen, Shuai and Chun, Gang},
  date = {2019-11},
  pages = {1048--1053},
  issn = {2374-8486},
  doi = {10.1109/ICDM.2019.00122},
  abstract = {Recently, the application of deep reinforcement learning into the field of session-based interactive recommendation has attracted great attention from researchers. However, despite that some interactive recommendation models based on deep reinforcement learning have been proposed, they still suffer to the following limitations: (1) these works ignore the skip behaviors of sequential patterns in users' clicking behavior; (2) these works fail to incorporate positive feedback and negative feedback into the proposed deep reinforcement recommender system when the positive feedback is sparse. Therefore, to solve the problems mentioned above, a novel Deep Q-Network based recommendation framework incorporating CNN and GAN-based models is proposed to acquire robust performance, named DRCGR. Specifically, in DRCGR, a CNN model is used to capture the sequential features for positive feedback. Then, an adversarial training is adopted to learn optimal negative feedback representations Then, positive/negative representations are fed into DQN simultaneously, which are conducive to generating better action-value function The experimental results based on real-world e-commerce data demonstrate our framework's superiority over some state-of-the-art recommendation models.},
  eventtitle = {2019 {{IEEE International Conference}} on {{Data Mining}} ({{ICDM}})},
  keywords = {convolutional filters,deep reinforcement learning,GAN,recommendation},
  file = {D\:\\Austi\\Documents\\Zotero\\attachments\\2019\\Gao et al\\DRCGR\\Gao et al_2019_DRCGR.pdf;D\:\\Austi\\Documents\\Zotero\\config\\storage\\U2L8NYWZ\\8970700.html}
}

@article{goldbergUsingCollaborativeFiltering1992,
  title = {Using Collaborative Filtering to Weave an Information Tapestry},
  author = {Goldberg, David and Nichols, David and Oki, Brian M. and Terry, Douglas},
  date = {1992-12-01},
  journaltitle = {Communications of the ACM},
  shortjournal = {Commun. ACM},
  volume = {35},
  number = {12},
  pages = {61--70},
  issn = {0001-0782},
  doi = {10.1145/138859.138867},
  url = {https://doi.org/10.1145/138859.138867},
  urldate = {2022-04-13},
  keywords = {information filtering,tapestry},
  file = {D\:\\Austi\\Documents\\Zotero\\attachments\\1992\\Goldberg et al\\Using collaborative filtering to weave an information tapestry\\Goldberg et al_1992_Using collaborative filtering to weave an information tapestry.pdf}
}

@incollection{gongHybridRecommenderSystem2020,
  title = {A {{Hybrid Recommender System}} for {{Steam Games}}},
  booktitle = {Information {{Search}}, {{Integration}}, and {{Personalization}}},
  author = {Gong, Jin and Ye, Yizhou and Stefanidis, Kostas},
  date = {2020},
  series = {Communications in {{Computer}} and {{Information Science}}},
  volume = {1197},
  pages = {133--144},
  publisher = {{Springer International Publishing}},
  location = {{Cham}},
  doi = {10.1007/978-3-030-44900-1_9},
  url = {http://link.springer.com/10.1007/978-3-030-44900-1_9},
  urldate = {2022-01-15},
  abstract = {A recommender system can be considered as an information filtering system that seeks to predict the preference a user would have for a data item. It is commonly utilized in digital stores to recommend products to their users according to the users previous purchases. This applies to Steam as well, a widely used digital distribution platform for games. The existing recommender system mainly suggests new games to a given user by calculating similarities between games they own and those that they do not. These similarities are based on predefined attributes (game genres). Additionally, the system is able to recommend games based on the game preferences of the users friends. In this work, we target at creating an enhanced recommender system for Steam. The goal is to design a hybrid approach for producing suggestions that will utilize data, such as playing time, game price and game release date, in addition to the genres and the preferences of friends.},
  isbn = {978-3-030-44899-8 978-3-030-44900-1},
  langid = {english},
  file = {D\:\\Austi\\Documents\\Zotero\\attachments\\2020\\Gong et al\\A Hybrid Recommender System for Steam Games\\Gong et al_2020_A Hybrid Recommender System for Steam Games.pdf}
}

@unpublished{guoDeepFMFactorizationMachineBased2017,
  title = {{{DeepFM}}: {{A Factorization-Machine}} Based {{Neural Network}} for {{CTR Prediction}}},
  shorttitle = {{{DeepFM}}},
  author = {Guo, Huifeng and Tang, Ruiming and Ye, Yunming and Li, Zhenguo and He, Xiuqiang},
  date = {2017-03-13},
  eprint = {1703.04247},
  eprinttype = {arxiv},
  primaryclass = {cs},
  url = {http://arxiv.org/abs/1703.04247},
  urldate = {2022-04-27},
  abstract = {Learning sophisticated feature interactions behind user behaviors is critical in maximizing CTR for recommender systems. Despite great progress, existing methods seem to have a strong bias towards low- or high-order interactions, or require expertise feature engineering. In this paper, we show that it is possible to derive an end-to-end learning model that emphasizes both low- and high-order feature interactions. The proposed model, DeepFM, combines the power of factorization machines for recommendation and deep learning for feature learning in a new neural network architecture. Compared to the latest Wide \textbackslash\& Deep model from Google, DeepFM has a shared input to its "wide" and "deep" parts, with no need of feature engineering besides raw features. Comprehensive experiments are conducted to demonstrate the effectiveness and efficiency of DeepFM over the existing models for CTR prediction, on both benchmark data and commercial data.},
  archiveprefix = {arXiv},
  version = {1},
  keywords = {Computer Science - Computation and Language,Computer Science - Information Retrieval},
  file = {D\:\\Austi\\Documents\\Zotero\\attachments\\2017\\Guo et al\\DeepFM\\Guo et al_2017_DeepFM.pdf;D\:\\Austi\\Documents\\Zotero\\config\\storage\\CWST29N2\\1703.html}
}

@article{guShenDuXueXiKuangJiaXiaHunHeXieTongGuoLuSuanFaYanJiu2022,
  title = {深度学习框架下混合协同过滤算法研究},
  author = {古, 险峰 and 白, 林锋},
  date = {2022},
  journaltitle = {哈尔滨商业大学学报(自然科学版)},
  volume = {38},
  number = {01},
  pages = {30--34},
  issn = {1672-0946},
  doi = {10.19492/j.cnki.1672-0946.2022.01.003},
  url = {https://kns.cnki.net/kcms/detail/detail.aspx?dbcode=CJFD&dbname=CJFDLAST2022&filename=HLJS202201005&uniplatform=NZKPT&v=3ZzGoagForPrHYhlBbxEUf7oNXgkZifcM7U93By6bGiWhzzH7Yg1uOpdux7WeQRs},
  urldate = {2022-04-20},
  abstract = {传统的推荐系统在面对大量动态、复杂的数据时,仅仅通过用户的已知数据和历史行为进行分析,得到评分准则继而进行推荐,存在推荐精度不高、数据稀疏性和冷启动问题,难以满足用户对信息的需求.针对这一情况提出深度学习框架下基于用户的混合协同过滤算法,利用深度神经网络模型进行特征提取解决用户信息不对称带来的数据稀疏问题,同时将评分矩阵与项目属性信息融合应用得到项目间的映射关系并进行聚类分析,解决面对新项目、新用户时数据库中没有相关信息,推荐精度不高的问题.最后通过实验仿真,验证本文算法可以有效提高推荐准确率,提升用户的满意度和网络体验感.},
  langid = {chinese},
  keywords = {attribute information,cluster analysis,collaborative filtering,deep learning,information fusion,recommended system,信息融合,协同过滤,属性信息,推荐系统,深度学习,聚类分析},
  file = {D\:\\Austi\\Documents\\Zotero\\attachments\\2022\\古_白\\深度学习框架下混合协同过滤算法研究\\古_白_2022_深度学习框架下混合协同过滤算法研究.pdf}
}

@article{gutmannNoisecontrastiveEstimationNew2010,
  title = {Noise-Contrastive Estimation: {{A}} New Estimation Principle for Unnormalized Statistical Models},
  shorttitle = {Noise-Contrastive Estimation},
  author = {Gutmann, Michael and Hyvärinen, Aapo},
  date = {2010-01-01},
  journaltitle = {Journal of Machine Learning Research - Proceedings Track},
  shortjournal = {Journal of Machine Learning Research - Proceedings Track},
  volume = {9},
  pages = {297--304},
  abstract = {We present a new estimation principle for parameterized statistical models. The idea is to perform nonlinear logistic regression to discriminate between the observed data and some artificially generated noise, using the model log-density function in the regression nonlinearity. We show that this leads to a consistent (convergent) estimator of the pa- rameters, and analyze the asymptotic vari- ance. In particular, the method is shown to directly work for unnormalized models, i.e. models where the density function does not integrate to one. The normalization constant can be estimated just like any other parame- ter. For a tractable ICA model, we compare the method with other estimation methods that can be used to learn unnormalized mod- els, including score matching, contrastive di- vergence, and maximum-likelihood where the normalization constant is estimated with im- portance sampling. Simulations show that noise-contrastive estimation offers the best trade-off between computational and statis- tical efficiency. The method is then applied to the modeling of natural images: We show that the method can successfully estimate a large-scale two-layer model and a Markov random field.},
  file = {D\:\\Austi\\Documents\\Zotero\\attachments\\2010\\Gutmann_Hyvärinen\\Noise-contrastive estimation\\Gutmann_Hyvärinen_2010_Noise-contrastive estimation.pdf}
}

@article{hanJiYuPOIYongHuYouXiFeedsAdsTuiJianXiTongSheJiYuShiXian2021,
  title = {基于POI用户游戏Feeds Ads推荐系统设计与实现},
  author = {韩, 俊波 and 黎, 海霞},
  date = {2021},
  journaltitle = {南阳师范学院学报},
  volume = {20},
  number = {01},
  pages = {44--47},
  issn = {1671-6132},
  url = {https://kns.cnki.net/kcms/detail/detail.aspx?dbcode=CJFD&dbname=CJFDLAST2021&filename=NYSF202101008&uniplatform=NZKPT&v=z8-8lqM6cfYUUNan9T3OuZRtaOT6rveeHGZ0NuHCu2d7Qz6dA_Ou9SLbMr975TZb},
  urldate = {2022-01-12},
  abstract = {Feeds Ads在社交网络广告推荐系统中的投放规模占比逐步增大,实现Feeds Ads精准推荐在学术研究和工业实现方面均极具意义.深入分析Feeds Ads投放原理,以推荐系统协同过滤算法为理论基础、以用户POI偏好数据相似度算法为核心,设计开发基于用户POI游戏Feeds Ads系统,经验证测试该系统具备个性化广告精准推荐功能.},
  langid = {chinese},
  keywords = {accurate recommendation,POI,preference,recommendation system,social media,偏好,推荐系统,社交媒体,精准推荐},
  file = {D\:\\Austi\\Documents\\Zotero\\attachments\\2021\\韩_黎\\基于POI用户游戏Feeds Ads推荐系统设计与实现\\韩_黎_2021_基于POI用户游戏Feeds Ads推荐系统设计与实现.pdf}
}

@thesis{heJiYuJuanJiShenJingWangLuoDeYinLeTuiJianXiTong2019,
  type = {硕士},
  title = {基于卷积神经网络的音乐推荐系统},
  author = {何, 蓉},
  date = {2019},
  institution = {{南京邮电大学}},
  url = {https://kns.cnki.net/kcms/detail/frame/list.aspx?dbcode=CMFD&filename=1019691298.nh&dbname=CMFD202001&RefType=1&vl=9Kn0La05pOFfij-1KrC4Iy0YogXcyVXdu5zsASbFVLqob0i3JaQdHqW1Hu70z9cp},
  urldate = {2022-01-15},
  abstract = {随着数字多媒体技术的不断发展,音乐库变得越来越大,音乐资源越来越丰富,如何让用户在浩瀚如海的音乐世界里高效地获取自己感兴趣的歌曲便成了一个难题。针对这种现象,个性化音乐推荐系统应运而生。然而,虽然现有的音乐推荐系统种类繁多,但推荐效果良莠不齐,或多或少都存在一些问题。卷积神经网络是近年发展起来,并引起广泛重视的一种高效的深度学习方法,被广泛应用于图像识别、自然语言处理等多个领域,并且取得了比传统机器学习更好的效果。鉴于此,本文提出了基于卷积神经网络的音乐推荐系统。本文提出的音乐推荐系统包括用户建模模块、音频特征提取模块和推荐算法模块等。推荐算法的基本思路是:首先对音乐用户历史行为信息进行采集,...},
  langid = {chinese},
  keywords = {cold-start problem,convolutional neural network,digital music,matrix factorization,recommendation system,冷启动问题,卷积神经网络,推荐系统,数字音乐,矩阵分解},
  file = {D\:\\Austi\\Documents\\Zotero\\attachments\\2019\\何\\基于卷积神经网络的音乐推荐系统\\何_2019_基于卷积神经网络的音乐推荐系统.pdf}
}

@article{heJiYuZhuYiLiJuanJiShenJingWangLuoDeGongZuoPiaoZhuanJiaTuiJianFangFa2019,
  title = {基于注意力卷积神经网络的工作票专家推荐方法},
  author = {何, 柔萤 and 徐, 建},
  date = {2019},
  journaltitle = {南京理工大学学报},
  volume = {43},
  number = {01},
  pages = {13-21+47},
  issn = {1005-9830},
  doi = {10.14177/j.cnki.32-1397n.2019.43.01.002},
  url = {https://kns.cnki.net/KCMS/detail/detail.aspx?dbcode=CJFD&dbname=CJFDLAST2019&filename=NJLG201901002&v=},
  abstract = {为了更准确地将工作票推荐给具备解决问题能力的系统运维专家,对历史工作票数据进行研究提出基于深度学习的工作票专家推荐算法。首先根据专业熟练度水平和领域知识构建专家能力模型,然后设计卷积神经网络框架,在输入层中引入注意力来提高模型对工作票文本特征提取能力,并度量与专家模型的匹配度,实现以推荐质量为依据的专家推荐。在真实的数据集上进行了实验,结果表明与传统的基于机器学习的推荐方法相比,该方法的准确率提升了6\%,引入注意力可以有效学习特征权重。},
  langid = {chinese},
  keywords = {attention mechanism,convolutional neural network,system operation and maintenance,专家推荐,卷积神经网络,注意力机制,系统运维 expert recommendation},
  annotation = {7 citations(CNKI)[2022-1-15]{$<$}北大核心, CSCD{$>$}},
  file = {D\:\\Austi\\Documents\\Zotero\\attachments\\2019\\何_徐\\基于注意力卷积神经网络的工作票专家推荐方法\\何_徐_2019_基于注意力卷积神经网络的工作票专家推荐方法.pdf}
}

@unpublished{heNeuralFactorizationMachines2017,
  title = {Neural {{Factorization Machines}} for {{Sparse Predictive Analytics}}},
  author = {He, Xiangnan and Chua, Tat-Seng},
  date = {2017-08-16},
  eprint = {1708.05027},
  eprinttype = {arxiv},
  primaryclass = {cs},
  url = {http://arxiv.org/abs/1708.05027},
  urldate = {2022-04-27},
  abstract = {Many predictive tasks of web applications need to model categorical variables, such as user IDs and demographics like genders and occupations. To apply standard machine learning techniques, these categorical predictors are always converted to a set of binary features via one-hot encoding, making the resultant feature vector highly sparse. To learn from such sparse data effectively, it is crucial to account for the interactions between features. Factorization Machines (FMs) are a popular solution for efficiently using the second-order feature interactions. However, FM models feature interactions in a linear way, which can be insufficient for capturing the non-linear and complex inherent structure of real-world data. While deep neural networks have recently been applied to learn non-linear feature interactions in industry, such as the Wide\&Deep by Google and DeepCross by Microsoft, the deep structure meanwhile makes them difficult to train. In this paper, we propose a novel model Neural Factorization Machine (NFM) for prediction under sparse settings. NFM seamlessly combines the linearity of FM in modelling second-order feature interactions and the non-linearity of neural network in modelling higher-order feature interactions. Conceptually, NFM is more expressive than FM since FM can be seen as a special case of NFM without hidden layers. Empirical results on two regression tasks show that with one hidden layer only, NFM significantly outperforms FM with a 7.3\% relative improvement. Compared to the recent deep learning methods Wide\&Deep and DeepCross, our NFM uses a shallower structure but offers better performance, being much easier to train and tune in practice.},
  archiveprefix = {arXiv},
  keywords = {Computer Science - Machine Learning},
  file = {D\:\\Austi\\Documents\\Zotero\\attachments\\2017\\He_Chua\\Neural Factorization Machines for Sparse Predictive Analytics\\He_Chua_2017_Neural Factorization Machines for Sparse Predictive Analytics.pdf;D\:\\Austi\\Documents\\Zotero\\config\\storage\\Q3QF73AS\\1708.html}
}

@article{heRongHeJuFaGuiZeHeCNNDeLuYouPingLunQingGanFenXi2019,
  title = {融合句法规则和CNN的旅游评论情感分析},
  author = {何, 雪琴 and 杨, 文忠 and 吾, 守尔·斯拉木 and 杨, 波 and 殷, 亚博 and 李, 尧},
  date = {2019},
  journaltitle = {计算机工程与设计},
  volume = {40},
  number = {11},
  pages = {3306--3312},
  issn = {1000-7024},
  doi = {10.16208/j.issn1000-7024.2019.11.041},
  url = {https://kns.cnki.net/KCMS/detail/detail.aspx?dbcode=CJFD&dbname=CJFDLAST2019&filename=SJSJ201911047&v=},
  abstract = {旅游评论文本冗长且句式复杂,现有的旅游类情感分析算法较少考虑文本特点和句法变化规则,导致分类准确率降低。针对该问题,提出融合句法规则和卷积神经网络(convolutional neural network,CNN)的旅游评论情感分析算法SCNN (syntactic rules for convolutional neural network)。建立4个词典,根据词典对文本进行直接分类词、总结句和转折句的初步提取,通过CNN进行分类。实验结果表明,与传统的CNN算法相比,SCNN算法在准确率、召回率和F1值上分别平均提升了3.9\%、4.2\%和4.6\%,AUC值提升了13\%。},
  langid = {chinese},
  keywords = {convolutional neural network,direct classified words,syntactic rules,tourist reviews,卷积神经网络,句法规则,情感分析,旅游评论,直接分类词 sentiment analysis},
  annotation = {12 citations(CNKI)[2022-1-15]{$<$}北大核心{$>$}},
  file = {D\:\\Austi\\Documents\\Zotero\\attachments\\2019\\何 et al\\融合句法规则和CNN的旅游评论情感分析\\何 et al_2019_融合句法规则和CNN的旅游评论情感分析.pdf}
}

@article{huangDeepReinforcementLearning2021,
  title = {A Deep Reinforcement Learning Based Long-Term Recommender System},
  author = {Huang, Liwei and Fu, Mingsheng and Li, Fan and Qu, Hong and Liu, Yangjun and Chen, Wenyu},
  date = {2021-02-15},
  journaltitle = {Knowledge-Based Systems},
  shortjournal = {Knowledge-Based Systems},
  volume = {213},
  pages = {106706},
  issn = {0950-7051},
  doi = {10.1016/j.knosys.2020.106706},
  url = {https://www.sciencedirect.com/science/article/pii/S0950705120308352},
  urldate = {2022-01-15},
  abstract = {Recommender systems aim to maximize the overall accuracy for long-term recommendations. However, most of the existing recommendation models adopt a static view, and ignore the fact that recommendation is a dynamic sequential decision-making process. As a result, they fail to adapt to new situations and suffer from the cold-start problem. Although sequential recommendation methods have been gaining attention recently, the objective of long-term recommendation still has not been explicitly addressed since these methods are developed for short-term prediction situations. To overcome these problems, we propose a novel top-N interactive recommender system based on deep reinforcement learning. In our model, the processes of recommendation are viewed as Markov decision processes (MDP), wherein the interactions between agent (recommender system) and environment (user) are simulated by the recurrent neural network (RNN). In addition, reinforcement learning is employed to optimize the proposed model for the purpose of maximizing long-term recommendation accuracy. Experimental results based on several benchmarks show that our model significantly outperforms previous top-N methods in terms of Hit-Rate and NDCG for the long-term recommendation, and can be applied to both cold-start and warm-start scenarios.},
  langid = {english},
  keywords = {Cold-start,Deep reinforcement learning,Long-term recommendation,Recommender system},
  file = {D\:\\Austi\\Documents\\Zotero\\attachments\\2021\\Huang et al\\A deep reinforcement learning based long-term recommender system\\Huang et al_2021_A deep reinforcement learning based long-term recommender system.pdf}
}

@article{huangJiYuShenDuXueXiDeTuiJianXiTongYanJiuZongShu2018,
  title = {基于深度学习的推荐系统研究综述},
  author = {黄, 立威 and 江, 碧涛 and 吕, 守业 and 刘, 艳博 and 李, 德毅},
  date = {2018},
  journaltitle = {计算机学报},
  volume = {41},
  number = {07},
  pages = {1619--1647},
  issn = {0254-4164},
  url = {https://kns.cnki.net/KCMS/detail/detail.aspx?dbcode=CJFD&dbname=CJFDLAST2018&filename=JSJX201807011&v=},
  abstract = {深度学习是机器学习领域一个重要的研究方向,近年来在图像处理、自然语言理解、语音识别和在线广告等领域取得了突破性进展.将深度学习融入推荐系统中,研究如何整合海量的多源异构数据,构建更加贴合用户偏好需求的用户模型,以提高推荐系统的性能和用户满意度,成为基于深度学习的推荐系统的主要任务.该文对近几年基于深度学习的推荐系统研究进展进行综述,分析其与传统推荐系统的区别以及优势,并对其主要的研究方向、应用进展等进行概括、比较和分析.最后,对基于深度学习的推荐系统的未来发展趋势进行分析和展望.},
  langid = {chinese},
  keywords = {collaborative filtering,data mining,deep learning,multi-source heterogeneous data,personalized services,个性化服务,协同过滤,多源异构数据 recommender systems,推荐系统,数据挖掘,深度学习},
  annotation = {665 citations(CNKI)[2022-1-12]{$<$}北大核心, EI, CSCD{$>$}},
  file = {D\:\\Austi\\Documents\\Zotero\\attachments\\2018\\黄 et al\\基于深度学习的推荐系统研究综述\\黄 et al_2018_基于深度学习的推荐系统研究综述.pdf}
}

@article{huangJiYuZhuYiLiJiZhiYuPingLunWenBenShenDuMoXingDeTuiJianFangFa2019,
  title = {基于注意力机制与评论文本深度模型的推荐方法},
  author = {黄, 文明 and 卫, 万成 and 张, 健 and 邓, 珍荣},
  date = {2019},
  journaltitle = {计算机工程},
  volume = {45},
  number = {09},
  pages = {176--182},
  issn = {1000-3428},
  doi = {10.19678/j.issn.1000-3428.0051339},
  url = {https://kns.cnki.net/KCMS/detail/detail.aspx?dbcode=CJFD&dbname=CJFDLAST2019&filename=JSJC201909028&v=},
  abstract = {传统推荐系统依赖人工进行规则设计和特征提取,对评论文本内容的特征和隐信息的提取能力有限。针对该问题,融合注意力机制并基于深度学习对推荐系统进行改进,提出一种对评论文本深度建模的推荐方法。使用词嵌入模型表达数据集评论中的语义,引入注意力机制对输入内容进行重新赋权,通过并行的卷积神经网络挖掘用户和项目评论数据中的隐含特征,将两组特征耦合输入并采用因子分解机进行评分预测,得到推荐结果。实验结果表明,该方法可有效提高推荐准确率,均方误差较DeepCoNN方法提升2\%以上。},
  langid = {chinese},
  keywords = {attention mechanism,Convolution Neural Network (CNN),factorization machine,feature extraction,卷积神经网络,因子分解机 recommendation system,推荐系统,注意力机制,特征提取},
  annotation = {25 citations(CNKI)[2022-1-15]{$<$}北大核心, CSCD{$>$}},
  file = {D\:\\Austi\\Documents\\Zotero\\attachments\\2019\\黄 et al\\基于注意力机制与评论文本深度模型的推荐方法\\黄 et al_2019_基于注意力机制与评论文本深度模型的推荐方法.pdf}
}

@article{huConvFNNYiZhongJiYuShenDuXueXiDeGeXingHuaTuiJianSuanFa2017,
  title = {ConvFNN:一种基于深度学习的个性化推荐算法},
  author = {胡, 松波 and 何, 洪波 and 肖, 云},
  date = {2017},
  journaltitle = {科研信息化技术与应用},
  volume = {8},
  number = {05},
  pages = {3--10},
  issn = {1674-9480},
  url = {https://kns.cnki.net/KCMS/detail/detail.aspx?dbcode=CJFD&dbname=CJFDLAST2018&filename=KYXH201705001&v=},
  abstract = {最近这几年,随着深度学习快速发展,在图像处理、自然语言处理等领域有了很多应用,而在推荐系统领域,深度学习的应用还不是很常见,并且现在传统的推荐算法也遇到了一些瓶颈,由于现在的评分数据非常稀疏,传统的矩阵分解模型,在一些评分预测领域效果不是很理想。本论文为了解决这些问题,提出一种基于深度学习的个性化推荐算法,考虑利用深度学习来解决评分预测不准的问题。},
  langid = {chinese},
  keywords = {deep learning,推荐系统,深度学习 recommendation system},
  annotation = {15 citations(CNKI)[2022-1-15]},
  file = {D\:\\Austi\\Documents\\Zotero\\attachments\\2017\\胡 et al\\ConvFNN\\胡 et al_2017_ConvFNN.pdf}
}

@article{huJiYuJiaQuanCiXiangLiangHeJuanJiShenJingWangLuoDeXinWenWenBenFenLei2020,
  title = {基于加权词向量和卷积神经网络的新闻文本分类},
  author = {胡, 万亭 and 贾, 真},
  date = {2020},
  journaltitle = {计算机系统应用},
  volume = {29},
  number = {05},
  pages = {275--279},
  issn = {1003-3254},
  url = {https://kns.cnki.net/kcms/detail/detail.aspx?dbcode=CJFD&dbname=CJFDLAST2020&filename=XTYY202005040&uniplatform=NZKPT&v=ibSMMKciYAkL4T3bq9cpruBZNUSqsbO9qqGi30_tzarQZcjOrPwDEqj6vIobPE84},
  urldate = {2022-01-15},
  abstract = {在文本分类中,基于Word2Vec词向量的文本表示忽略了词语区分文本的能力,设计了一种用TF-IDF加权词向量的卷积神经网络(CNN)文本分类方法.新闻文本分类,一般只考虑正文,忽略标题的重要性,改进了TFIDF计算方法,兼顾了新闻标题和正文.实验表明,基于加权词向量和CNN的新闻文本分类方法比逻辑回归分类效果有较大提高,比不加权方法也有一定的提高.},
  langid = {chinese},
  keywords = {CNN,Skip-gram,Skip-gram模型,text classification,TF-IDF,TF-IDF技术,word vector,卷积神经网络,文本分类,词向量},
  file = {D\:\\Austi\\Documents\\Zotero\\attachments\\2020\\胡_贾\\基于加权词向量和卷积神经网络的新闻文本分类\\胡_贾_2020_基于加权词向量和卷积神经网络的新闻文本分类.pdf}
}

@thesis{ionDesigningEvaluatingBoard2018,
  type = {Thesis},
  title = {Designing and Evaluating a Board Game Recommender System},
  author = {Ion, Michael Antonius},
  date = {2018},
  institution = {{Wien}},
  doi = {10.34726/hss.2018.55721},
  url = {https://repositum.tuwien.at/handle/20.500.12708/1444},
  urldate = {2022-01-15},
  abstract = {Board games have gained an unbelievable traction over the last few years. The number of board game releases grows exponentially and customers have a variety of choice like never before. This increases decision paralysis and makes it harder to decide what game to buy next. Consequently, recommendation systems were applied in various domains over the last decade to relieve this issue for customers. In this thesis, we will investigate and create various recommendation systems for this specific use case. We apply both collaborative as well as content-based approaches. We conclude the thesis with a thorough evaluation of the different recommender systems.},
  langid = {english},
  annotation = {Accepted: 2020-06-27T20:42:40Z},
  file = {D\:\\Austi\\Documents\\Zotero\\attachments\\2018\\Ion\\Designing and evaluating a board game recommender system\\Ion_2018_Designing and evaluating a board game recommender system.pdf;D\:\\Austi\\Documents\\Zotero\\config\\storage\\ET4BTTFL\\1444.html}
}

@inproceedings{juanFieldawareFactorizationMachines2016,
  title = {Field-Aware {{Factorization Machines}} for {{CTR Prediction}}},
  booktitle = {Proceedings of the 10th {{ACM Conference}} on {{Recommender Systems}}},
  author = {Juan, Yuchin and Zhuang, Yong and Chin, Wei-Sheng and Lin, Chih-Jen},
  date = {2016-09-07},
  series = {{{RecSys}} '16},
  pages = {43--50},
  publisher = {{Association for Computing Machinery}},
  location = {{New York, NY, USA}},
  doi = {10.1145/2959100.2959134},
  url = {https://doi.org/10.1145/2959100.2959134},
  urldate = {2022-04-27},
  abstract = {Click-through rate (CTR) prediction plays an important role in computational advertising. Models based on degree-2 polynomial mappings and factorization machines (FMs) are widely used for this task. Recently, a variant of FMs, field-aware factorization machines (FFMs), outperforms existing models in some world-wide CTR-prediction competitions. Based on our experiences in winning two of them, in this paper we establish FFMs as an effective method for classifying large sparse data including those from CTR prediction. First, we propose efficient implementations for training FFMs. Then we comprehensively analyze FFMs and compare this approach with competing models. Experiments show that FFMs are very useful for certain classification problems. Finally, we have released a package of FFMs for public use.},
  isbn = {978-1-4503-4035-9},
  keywords = {click-through rate prediction,computational advertising,factorization machines,machine learning},
  file = {D\:\\Austi\\Documents\\Zotero\\attachments\\2016\\Juan et al\\Field-aware Factorization Machines for CTR Prediction\\Juan et al_2016_Field-aware Factorization Machines for CTR Prediction.pdf}
}

@inproceedings{kangSelfAttentiveSequentialRecommendation2018,
  title = {Self-{{Attentive Sequential Recommendation}}},
  booktitle = {2018 {{IEEE International Conference}} on {{Data Mining}} ({{ICDM}})},
  author = {Kang, Wang-Cheng and McAuley, Julian},
  date = {2018-11},
  pages = {197--206},
  publisher = {{IEEE}},
  location = {{Singapore}},
  doi = {10.1109/ICDM.2018.00035},
  url = {https://ieeexplore.ieee.org/document/8594844/},
  urldate = {2022-01-10},
  abstract = {Sequential dynamics are a key feature of many modern recommender systems, which seek to capture the ‘context’ of users’ activities on the basis of actions they have performed recently. To capture such patterns, two approaches have proliferated: Markov Chains (MCs) and Recurrent Neural Networks (RNNs). Markov Chains assume that a user’s next action can be predicted on the basis of just their last (or last few) actions, while RNNs in principle allow for longer-term semantics to be uncovered. Generally speaking, MC-based methods perform best in extremely sparse datasets, where model parsimony is critical, while RNNs perform better in denser datasets where higher model complexity is affordable. The goal of our work is to balance these two goals, by proposing a self-attention based sequential model (SASRec) that allows us to capture long-term semantics (like an RNN), but, using an attention mechanism, makes its predictions based on relatively few actions (like an MC). At each time step, SASRec seeks to identify which items are ‘relevant’ from a user’s action history, and use them to predict the next item. Extensive empirical studies show that our method outperforms various state-of-the-art sequential models (including MC/CNN/RNN-based approaches) on both sparse and dense datasets. Moreover, the model is an order of magnitude more efficient than comparable CNN/RNN-based models. Visualizations on attention weights also show how our model adaptively handles datasets with various density, and uncovers meaningful patterns in activity sequences.},
  eventtitle = {2018 {{IEEE International Conference}} on {{Data Mining}} ({{ICDM}})},
  isbn = {978-1-5386-9159-5},
  langid = {english},
  file = {D\:\\Austi\\Documents\\Zotero\\attachments\\2018\\Kang_McAuley\\Self-Attentive Sequential Recommendation\\Kang_McAuley_2018_Self-Attentive Sequential Recommendation.pdf}
}

@article{kimSequentialRecommendationsBoardGame2020,
  title = {Sequential {{Recommendations}} on {{Board-Game Platforms}}},
  author = {Kim, JaeWon and Wi, JeongA and Jang, SooJin and Kim, YoungBin},
  date = {2020-02},
  journaltitle = {Symmetry},
  volume = {12},
  number = {2},
  pages = {210},
  publisher = {{Multidisciplinary Digital Publishing Institute}},
  doi = {10.3390/sym12020210},
  url = {https://www.mdpi.com/2073-8994/12/2/210},
  urldate = {2022-01-15},
  abstract = {The game market is an increasingly large industry. The board-game market, which is the most traditional in the game market, continues to show a steady growth. It is very important for both publishers and players to predict the propensity of users in this huge market and to recommend new games. Despite its importance, no study has been performed on board-game recommendation systems. In this study, we propose a method to build a deep-learning-based recommendation system using large-scale user data of an online community related to board games. Our study showed that new games can be effectively recommended for board-game users based on user big data accumulated for a long time. This is the first study to propose a personalized recommendation system for users in the board-game market and to introduce a provision of new large datasets for board-game users. The proposed dataset shares symmetric characteristics with other datasets and has shown its ability to be applied to various recommendation systems through experiments. Therefore, the dataset and recommendation system proposed in this study are expected to be applied for various studies in the field.},
  issue = {2},
  langid = {english},
  keywords = {board game,dataset,deep neural network,implicit feedback,recommendation system,sequential recommendation systems},
  file = {D\:\\Austi\\Documents\\Zotero\\attachments\\2020\\Kim et al\\Sequential Recommendations on Board-Game Platforms\\Kim et al_2020_Sequential Recommendations on Board-Game Platforms.pdf;D\:\\Austi\\Documents\\Zotero\\config\\storage\\JPG6Q8UN\\210.html}
}

@unpublished{kingmaAdamMethodStochastic2017,
  title = {Adam: {{A Method}} for {{Stochastic Optimization}}},
  shorttitle = {Adam},
  author = {Kingma, Diederik P. and Ba, Jimmy},
  date = {2017-01-29},
  eprint = {1412.6980},
  eprinttype = {arxiv},
  primaryclass = {cs},
  url = {http://arxiv.org/abs/1412.6980},
  urldate = {2022-04-28},
  abstract = {We introduce Adam, an algorithm for first-order gradient-based optimization of stochastic objective functions, based on adaptive estimates of lower-order moments. The method is straightforward to implement, is computationally efficient, has little memory requirements, is invariant to diagonal rescaling of the gradients, and is well suited for problems that are large in terms of data and/or parameters. The method is also appropriate for non-stationary objectives and problems with very noisy and/or sparse gradients. The hyper-parameters have intuitive interpretations and typically require little tuning. Some connections to related algorithms, on which Adam was inspired, are discussed. We also analyze the theoretical convergence properties of the algorithm and provide a regret bound on the convergence rate that is comparable to the best known results under the online convex optimization framework. Empirical results demonstrate that Adam works well in practice and compares favorably to other stochastic optimization methods. Finally, we discuss AdaMax, a variant of Adam based on the infinity norm.},
  archiveprefix = {arXiv},
  keywords = {Computer Science - Machine Learning},
  file = {D\:\\Austi\\Documents\\Zotero\\attachments\\2017\\Kingma_Ba\\Adam\\Kingma_Ba_2017_Adam.pdf;D\:\\Austi\\Documents\\Zotero\\config\\storage\\RSPHP6XH\\1412.html}
}

@inproceedings{krupaEmotionAwareSmart2020,
  title = {Emotion Aware {{Smart Music Recommender System}} Using {{Two Level CNN}}},
  booktitle = {2020 {{Third International Conference}} on {{Smart Systems}} and {{Inventive Technology}} ({{ICSSIT}})},
  author = {Krupa, K S and Ambara, G and Rai, Kartikey and Choudhury, Sahil},
  date = {2020-08},
  pages = {1322--1327},
  doi = {10.1109/ICSSIT48917.2020.9214164},
  abstract = {Music plays a significant role in improving and elevating one's mood as it is one of the important source of entertainment and inspiration to move forward. Recent studies have shown that humans respond as well as react to music in a very positive manner and that music has a high impact on human's brain activity. Nowadays, people often prefer to listen to music based on their moods and interests. This work focuses on a system that suggests songs to the users, based on their state of mind. In this system, computer vision components are used to determine the user's emotion through facial expressions and chatbot interactions. Once the emotion is recognized, the system suggests a song for that emotion, saving a lot of time for a user over selecting and playing songs manually.},
  eventtitle = {2020 {{Third International Conference}} on {{Smart Systems}} and {{Inventive Technology}} ({{ICSSIT}})},
  keywords = {CNN,Emotion recognition,Emotion Recognition in Conversation (ERC),Faces,facial expression,Feature extraction,Machine learning,Music,semantic analysis,Semantics,Training},
  file = {D\:\\Austi\\Documents\\Zotero\\attachments\\2020\\Krupa et al\\Emotion aware Smart Music Recommender System using Two Level CNN\\Krupa et al_2020_Emotion aware Smart Music Recommender System using Two Level CNN.pdf;D\:\\Austi\\Documents\\Zotero\\config\\storage\\USV5D926\\9214164.html}
}

@article{lanJiYuJuanJiShenJingWangLuoDeZhongWenXinWenWenBenFenLei2018,
  title = {基于卷积神经网络的中文新闻文本分类},
  author = {蓝, 雯飞 and 徐, 蔚 and 王, 涛},
  date = {2018},
  journaltitle = {中南民族大学学报(自然科学版)},
  volume = {37},
  number = {01},
  pages = {138--143},
  issn = {1672-4321},
  url = {https://kns.cnki.net/kcms/detail/detail.aspx?dbcode=CJFD&dbname=CJFDLAST2018&filename=ZNZK201801027&uniplatform=NZKPT&v=NqM1vZRtjkp3OLw8PqTFMD5kxnlz7LWxrSKxLRHtnMD2poRY8CLM459Q-ey2inCn},
  urldate = {2022-01-15},
  abstract = {经典的卷积神经网络文本分类模型仅仅着眼于全局特征,没有考虑到局部特征.为了解决此问题,引入了注意力机制,用于提取文本中的关键词,把全局特征与局部特征综合在一起,使得文本的特征表达更加丰富.实验结果表明:卷积神经网络分类模型比传统的机器学习方法分类效果更好,而引入注意力机制后的卷积神经网络模型相比于经典的文本分类模型,分类效果也有了一定程度的提高.},
  langid = {chinese},
  keywords = {attention mechanism,Convolutional Neural Network,deep learning,natural language processing,text classification,卷积神经网络,文本分类,注意力机制,深度学习,自然语言处理},
  file = {D\:\\Austi\\Documents\\Zotero\\attachments\\2018\\蓝 et al\\基于卷积神经网络的中文新闻文本分类\\蓝 et al_2018_基于卷积神经网络的中文新闻文本分类.pdf}
}

@inproceedings{lasenoKnowledgeBasedFilteringRecommender2019,
  title = {Knowledge-{{Based Filtering Recommender System}} to {{Propose Design Elements}} of {{Serious Game}}},
  booktitle = {2019 {{International Conference}} on {{Electrical Engineering}} and {{Informatics}} ({{ICEEI}})},
  author = {Laseno, Fransiska Utami Dewi and Hendradjaya, Bayu},
  date = {2019-07},
  pages = {158--163},
  issn = {2155-6830},
  doi = {10.1109/ICEEI47359.2019.8988797},
  abstract = {Design elements of serious game recommender system is a web-based software to propose design elements of serious game to the system users. Design elements of serious game are components that required to design serious game such as features and game mechanics. The research about recommender system for design elements of serious game is a relatively new research in serious game domain because research about recommendation system mainly for game players not for game designers. Many things need to be considered by serious game developer to make a game which can help the players to learn something. The recommender system helped serious game developers to determine the design elements of the game from the learning content to make the game. The domain data are analyzed from the relationship of Bloom Digital Taxonomy with game genres and game mechanism. The system is developed using knowledge-based: case and constraint-based filtering. Case-based filtering is used to find similar serious game examples from the user input of learning goal, target rating, and target player. Constraint-based filtering is used to search recommendation from the knowledge base. To get recommendation from the recommender system, user need to input learning goal to the system, and the results are recommendation of serious game mechanics and features. The level of success of the recommendation system is measured by input some constraints into the system and match the constraints with the result of recommendation produced by the system. Furthermore, crosscheck of the system functionalities was done to evaluate the system. According to the evaluation result, design elements of serious game recommender system was able to provide game mechanics and game features as the base of serious game designing which suitable with the learning content. Another result of evaluation showed that the design of the recommender system could be developed to be a design elements of serious game recommender system to propose design elements of serious game that match with the learning contents.},
  eventtitle = {2019 {{International Conference}} on {{Electrical Engineering}} and {{Informatics}} ({{ICEEI}})},
  keywords = {design elements of serious game,Games,Knowledge based systems,knowledge-based filtering,recommender system,Recommender systems,serious game,Taxonomy},
  file = {D\:\\Austi\\Documents\\Zotero\\attachments\\2019\\Laseno_Hendradjaya\\Knowledge-Based Filtering Recommender System to Propose Design Elements of\\Laseno_Hendradjaya_2019_Knowledge-Based Filtering Recommender System to Propose Design Elements of.pdf;D\:\\Austi\\Documents\\Zotero\\config\\storage\\CFQRAIKV\\8988797.html}
}

@article{liangJiYuCNNLFMMoXingDeGeXingHuaTuiJian2020,
  title = {基于CNN-LFM模型的个性化推荐},
  author = {梁, 昌勇 and 范, 汝鑫 and 陆, 文星 and 赵, 树平},
  date = {2020},
  journaltitle = {计算机仿真},
  volume = {37},
  number = {03},
  pages = {399--404},
  issn = {1006-9348},
  url = {https://kns.cnki.net/KCMS/detail/detail.aspx?dbcode=CJFD&dbname=CJFDLAST2020&filename=JSJZ202003083&v=},
  abstract = {评分数据的稀疏性和新物品的冷启动问题一直是阻碍推荐系统发展的难题。针对这些问题,利用物品的图像数据作为辅助信息以提高评分预测的准确性,提出一种基于卷积神经网络与隐语义模型的推荐模型(CNN-LFM)。CNN-LFM模型利用隐语义模型挖掘评分数据,获得用户和物品的潜在特征,其中物品的潜在特征会在卷积神经网络提取的图像特征的约束下不断完善。在真实数据集下进行实验,对结果的定量和定性分析表明CNN-LFM模型不存在新物品的冷启动问题,即使当评分数据十分稀疏时,其性能也远远优于其它推荐模型。},
  langid = {chinese},
  keywords = {Cold start,Cold start Convolutional neural network(CNN),Convolutional neural network(CNN),Data sparsity,Image feature,Latent factor model(LFM)},
  annotation = {6 citations(CNKI)[2022-1-15]{$<$}北大核心{$>$}},
  file = {D\:\\Austi\\Documents\\Zotero\\attachments\\2020\\梁 et al\\基于CNN-LFM模型的个性化推荐\\梁 et al_2020_基于CNN-LFM模型的个性化推荐.pdf}
}

@article{liangJiYuShenDuXueXiDeZiYuanGeXingHuaTuiJianSuanFaJiMoXingSheJi2018,
  title = {基于深度学习的资源个性化推荐算法及模型设计},
  author = {梁, 婷婷 and 李, 丽琴},
  date = {2018},
  journaltitle = {智能计算机与应用},
  volume = {8},
  number = {06},
  pages = {108--110},
  issn = {2095-2163},
  url = {https://kns.cnki.net/KCMS/detail/detail.aspx?dbcode=CJFD&dbname=CJFDLAST2018&filename=DLXZ201806027&v=},
  abstract = {学习资源个性化推荐有助于提高学习者的学习效率,以及学习资源的使用率。经典的推荐算法本身存在数据稀疏性、冷启动等缺陷。深度学习算法在广泛领域中发挥着显著的作用。将深度学习与推荐算法结合成为近几年的研究热点,在推荐过程的构建特征、生成推荐候选集合、以及预测推荐分值等步骤有很好的应用效果。分析近几年的相关研究动态设计,针对在短期推荐系统的学习者学习最有可能取决于最近学习行为的现象,设计一个结合深度学习的神经网络算法和协同过滤推荐算法的框架,提高推荐结果的准确度。},
  langid = {chinese},
  keywords = {neural network,personalization,recommendation algorithm,个性化,推荐算法,深度学习,神经网络 deep learning},
  annotation = {13 citations(CNKI)[2022-1-12]},
  file = {D\:\\Austi\\Documents\\Zotero\\attachments\\2018\\梁_李\\基于深度学习的资源个性化推荐算法及模型设计\\梁_李_2018_基于深度学习的资源个性化推荐算法及模型设计.pdf}
}

@inproceedings{liGameRecommendationMethod2021,
  title = {A {{Game Recommendation Method Based}} on {{Machine Learning}}},
  booktitle = {2021 {{IEEE}} 3rd {{International Conference}} on {{Frontiers Technology}} of {{Information}} and {{Computer}} ({{ICFTIC}})},
  author = {Li, Qinyuan and Liang, Xiuping and Su, Chenming and Wang, Yankai},
  date = {2021-11},
  pages = {307--312},
  doi = {10.1109/ICFTIC54370.2021.9647367},
  abstract = {The emergence and popularity of the Internet have brought users a large amount of information to meet their information needs. Still, the rapid development of the Internet has brought about a significant increase in the amount of online information, making it impossible for users to obtain the part of the information that is useful to them. The efficiency of using information has been reduced instead. This is when a recommender system is needed to recommend the content of interest to users based on their information. Any website or platform has its own independent recommender system, and collaborative filtering is one of the traditional recommender algorithms. This paper uses steam's users' data to cluster and label separately to create four different collaborative filtering game-recommender models based on historical purchases, game time, and the relationship between items. They then compare their advantages and disadvantages to determine which model is more suitable for game recommender systems.},
  eventtitle = {2021 {{IEEE}} 3rd {{International Conference}} on {{Frontiers Technology}} of {{Information}} and {{Computer}} ({{ICFTIC}})},
  keywords = {Apriori,Clustering algorithms,Collaborative filtering,Collaborative Filtering,Correlation,Game Recommender,Games,Internet,Machine learning,Machine learning algorithms,Recommender Algorithm,User Behavior},
  file = {D\:\\Austi\\Documents\\Zotero\\attachments\\2021\\Li et al\\A Game Recommendation Method Based on Machine Learning\\Li et al_2021_A Game Recommendation Method Based on Machine Learning.pdf;D\:\\Austi\\Documents\\Zotero\\config\\storage\\D77P35XT\\9647367.html}
}

@article{luJiYuFMYuDQNJieHeDeShiPinTuiJianSuanFa2021,
  title = {基于FM与DQN结合的视频推荐算法},
  author = {吕, 亚珉},
  date = {2021},
  journaltitle = {计算机与数字工程},
  volume = {49},
  number = {09},
  pages = {1771--1776},
  issn = {1672-9722},
  url = {https://kns.cnki.net/KCMS/detail/detail.aspx?dbcode=CJFD&dbname=CJFDLAST2021&filename=JSSG202109009&v=},
  abstract = {推荐系统是利用多种信息过滤方法,过滤冗余信息,准确向用户推荐其具有兴趣点的信息的技术。传统的推荐系统在处理信息过载的问题上取得良好的效果,被广泛应用于电子商务、视频推荐、音乐电台、社交网络等领域。但在冷启动,推荐的多样性等问题上传统的推荐系统仍存在缺陷。针对以上问题,论文使用场感知因子分离机FM模型做特征组合与处理高维稀疏特征,使用深度神经网络模型作为Deep Q-Leanrning算法的值函数网络,使用Deep Q-Leanrning深度强化学习算法作为决策函数解决推荐准确性与多样性问题。该算法在视频推荐的应用中,视频推荐准确度略高于传统的推荐算法,视频多样性推荐效果明显优于传统的推荐算法。},
  langid = {chinese},
  keywords = {Deep Q-Leanrning,deep reinforcement learning,深度强化学习 video recommendation,视频推荐},
  file = {D\:\\Austi\\Documents\\Zotero\\attachments\\2021\\吕\\基于FM与DQN结合的视频推荐算法\\吕_2021_基于FM与DQN结合的视频推荐算法.pdf}
}

@article{machadoEvaluationRecommenderSystem2019,
  title = {Evaluation of a {{Recommender System}} for {{Assisting Novice Game Designers}}},
  author = {Machado, Tiago and Gopstein, Daniel and Wang, Angela and Nov, Oded and Nealen, Andrew and Togelius, Julian},
  date = {2019-10-08},
  journaltitle = {Proceedings of the AAAI Conference on Artificial Intelligence and Interactive Digital Entertainment},
  volume = {15},
  number = {1},
  pages = {167--173},
  issn = {2334-0924},
  url = {https://ojs.aaai.org/index.php/AIIDE/article/view/5240},
  urldate = {2022-01-15},
  abstract = {Game development is a complex task involving multiple disciplines and technologies. Developers and researchers alike have suggested that AI-driven game design assistants may improve developer workflow. We present a recommender system for assisting humans in game design as well as a rigorous human subjects study to validate it. The AI-driven game design assistance system suggests game mechanics to designers based on characteristics of the game being developed. We believe this method can bring creative insights and increase user’s productivity. We conducted quantitative studies that showed the recommender system increases users’ levels of accuracy and computational affect, and decreases their levels of workload.},
  issue = {1},
  langid = {english},
  file = {D\:\\Austi\\Documents\\Zotero\\attachments\\2019\\Machado et al\\Evaluation of a Recommender System for Assisting Novice Game Designers\\Machado et al_2019_Evaluation of a Recommender System for Assisting Novice Game Designers.pdf}
}

@article{maJiYuJuanJiShenJingWangLuoYuYueShuGaiLuJuZhenFenJieDeTuiJianSuanFa2020,
  title = {基于卷积神经网络与约束概率矩阵分解的推荐算法},
  author = {马, 海江},
  date = {2020},
  journaltitle = {计算机科学},
  volume = {47},
  number = {S1},
  pages = {540--545},
  issn = {1002-137X},
  url = {https://kns.cnki.net/KCMS/detail/detail.aspx?dbcode=CJFD&dbname=CJFDLAST2020&filename=JSJA2020S1100&v=},
  abstract = {用户评分数据的稀疏性和上下文的信息缺失,往往导致基于矩阵分解(Matrix Factorization,MF)的推荐算法在准确性方面有所欠缺。针对此问题,文中提出了一种基于卷积神经网络(Convolutional Neural Networks,CNN)与约束概率矩阵分解(Constrained Probabilistic Matrix Factorization,CPMF)的推荐算法。首先,构建卷积神经网络模型,对用户上下文辅助信息进行识别,获得文本潜在向量,并叠加高斯噪声,初始化项目特征矩阵;然后,根据用户评分信息,利用约束矩阵来约束用户特征,并叠加补偿矩阵,初始化用户特征矩阵;接着,利用初始化的用户特征矩阵和项目特征矩阵拟合评分矩阵,对评分矩阵进行矩阵分解,并利用坐标下降算法更新参数;最后,预测用户对项目的评分,实现项目推荐。在Movielens和Amazon数据集上的实验结果表明,该推荐算法显著优于传统的推荐模型,有效地提高了推荐结果的准确率。},
  langid = {chinese},
  keywords = {Contextual information,Matrix factorization,Recommendation algorithm,上下文信息 Convolutional neural networks,卷积神经网络,推荐算法,矩阵分解},
  annotation = {9 citations(CNKI)[2022-1-15]{$<$}北大核心, CSCD{$>$}},
  file = {D\:\\Austi\\Documents\\Zotero\\attachments\\2020\\马\\基于卷积神经网络与约束概率矩阵分解的推荐算法\\马_2020_基于卷积神经网络与约束概率矩阵分解的推荐算法.pdf}
}

@unpublished{mikolovDistributedRepresentationsWords2013,
  title = {Distributed {{Representations}} of {{Words}} and {{Phrases}} and Their {{Compositionality}}},
  author = {Mikolov, Tomas and Sutskever, Ilya and Chen, Kai and Corrado, Greg and Dean, Jeffrey},
  date = {2013-10-16},
  eprint = {1310.4546},
  eprinttype = {arxiv},
  primaryclass = {cs, stat},
  url = {http://arxiv.org/abs/1310.4546},
  urldate = {2022-03-11},
  abstract = {The recently introduced continuous Skip-gram model is an efficient method for learning high-quality distributed vector representations that capture a large number of precise syntactic and semantic word relationships. In this paper we present several extensions that improve both the quality of the vectors and the training speed. By subsampling of the frequent words we obtain significant speedup and also learn more regular word representations. We also describe a simple alternative to the hierarchical softmax called negative sampling. An inherent limitation of word representations is their indifference to word order and their inability to represent idiomatic phrases. For example, the meanings of "Canada" and "Air" cannot be easily combined to obtain "Air Canada". Motivated by this example, we present a simple method for finding phrases in text, and show that learning good vector representations for millions of phrases is possible.},
  archiveprefix = {arXiv},
  keywords = {Computer Science - Computation and Language,Computer Science - Machine Learning,Statistics - Machine Learning},
  file = {D\:\\Austi\\Documents\\Zotero\\attachments\\2013\\Mikolov et al\\Distributed Representations of Words and Phrases and their Compositionality\\Mikolov et al_2013_Distributed Representations of Words and Phrases and their Compositionality.pdf;D\:\\Austi\\Documents\\Zotero\\config\\storage\\4CURXAB8\\1310.html}
}

@unpublished{mikolovEfficientEstimationWord2013,
  title = {Efficient {{Estimation}} of {{Word Representations}} in {{Vector Space}}},
  author = {Mikolov, Tomas and Chen, Kai and Corrado, Greg and Dean, Jeffrey},
  date = {2013-09-06},
  eprint = {1301.3781},
  eprinttype = {arxiv},
  primaryclass = {cs},
  url = {http://arxiv.org/abs/1301.3781},
  urldate = {2022-03-11},
  abstract = {We propose two novel model architectures for computing continuous vector representations of words from very large data sets. The quality of these representations is measured in a word similarity task, and the results are compared to the previously best performing techniques based on different types of neural networks. We observe large improvements in accuracy at much lower computational cost, i.e. it takes less than a day to learn high quality word vectors from a 1.6 billion words data set. Furthermore, we show that these vectors provide state-of-the-art performance on our test set for measuring syntactic and semantic word similarities.},
  archiveprefix = {arXiv},
  keywords = {Computer Science - Computation and Language},
  file = {D\:\\Austi\\Documents\\Zotero\\attachments\\2013\\Mikolov et al\\Efficient Estimation of Word Representations in Vector Space\\Mikolov et al_2013_Efficient Estimation of Word Representations in Vector Space.pdf;D\:\\Austi\\Documents\\Zotero\\config\\storage\\IL7INY4D\\1301.html}
}

@online{NumberGamesReleased,
  title = {Number of Games Released on {{Steam}} 2021},
  url = {https://www.statista.com/statistics/552623/number-games-released-steam/},
  urldate = {2022-04-27},
  abstract = {The online gaming platform, Steam, was first released by the Valve Corporation in 2003.},
  langid = {english},
  organization = {{Statista}},
  file = {D\:\\Austi\\Documents\\Zotero\\config\\storage\\2M99MGKY\\number-games-released-steam.html}
}

@inproceedings{pathakGeneratingPersonalizingBundle2017,
  title = {Generating and {{Personalizing Bundle Recommendations}} on {{{\emph{Steam}}}}},
  booktitle = {Proceedings of the 40th {{International ACM SIGIR Conference}} on {{Research}} and {{Development}} in {{Information Retrieval}}},
  author = {Pathak, Apurva and Gupta, Kshitiz and McAuley, Julian},
  date = {2017-08-07},
  pages = {1073--1076},
  publisher = {{ACM}},
  location = {{Shinjuku Tokyo Japan}},
  doi = {10.1145/3077136.3080724},
  url = {https://dl.acm.org/doi/10.1145/3077136.3080724},
  urldate = {2022-01-10},
  abstract = {Many websites o er promotions in terms of bundled items that can be purchased together, usually at a discounted rate. ‘Bundling’ may be a means of increasing sales revenue, but may also be a means for content creators to expose users to new items that they may not have considered in isolation. In this paper, we seek to understand the semantics of what constitutes a ‘good’ bundle, in order to recommend existing bundles to users on the basis of their constituent products, as well the more di cult task of generating new bundles that are personalized to a user. To do so we collect a new dataset from the Steam video game distribution platform, which is unique in that it contains both ‘traditional’ recommendation data (rating and purchase histories between users and items), as well as bundle purchase information. We assess issues such as bundle size and item compatibility, and show that these features, when combined with traditional matrix factorization techniques, can lead to highly e ective bundle recommendation and generation.},
  eventtitle = {{{SIGIR}} '17: {{The}} 40th {{International ACM SIGIR}} Conference on Research and Development in {{Information Retrieval}}},
  isbn = {978-1-4503-5022-8},
  langid = {english},
  file = {D\:\\Austi\\Documents\\Zotero\\attachments\\2017\\Pathak et al\\Generating and Personalizing Bundle Recommendations on iSteam-i\\Pathak et al_2017_Generating and Personalizing Bundle Recommendations on iSteam-i.pdf}
}

@inproceedings{poojaGameAnalogyIntelligent2020,
  title = {Game {{Analogy}} for {{Intelligent Recommender System}}},
  booktitle = {2020 2nd {{International Conference}} on {{Advances}} in {{Computing}}, {{Communication Control}} and {{Networking}} ({{ICACCCN}})},
  author = {Pooja, Pooja and Bhatnagar, Vishal},
  date = {2020-12},
  pages = {709--714},
  doi = {10.1109/ICACCCN51052.2020.9362916},
  abstract = {Due to diversity in the nature of humans, a creative engagement of humans in digital games increases their effectiveness in the global economy. The author specified various categories of games that elaborated on how to accommodate the genres of games in particular fields. Genre is a specific type of classification which describes the characteristics of specific models. Games Genres characterized the objectives of games by the type of game-play they contain. Genres prediction can be categorized based upon attractive storyline, fun content, gender-biased, attractive graphic designs, geographical dynamics, and age factor.},
  eventtitle = {2020 2nd {{International Conference}} on {{Advances}} in {{Computing}}, {{Communication Control}} and {{Networking}} ({{ICACCCN}})},
  keywords = {Data analysis,Digital Games,Games,Genre,Graphics,Industries,Pandemics,Recommendation System,Recommender systems,Social Environment,Tools},
  file = {D\:\\Austi\\Documents\\Zotero\\attachments\\2020\\Pooja_Bhatnagar\\Game Analogy for Intelligent Recommender System\\Pooja_Bhatnagar_2020_Game Analogy for Intelligent Recommender System.pdf;D\:\\Austi\\Documents\\Zotero\\config\\storage\\ANPYC33Z\\9362916.html}
}

@article{qiaoRongHeYinZiFenJieDeShangXiaWenTuiJianSuanFaYanJiu2021,
  title = {融合因子分解的上下文推荐算法研究},
  author = {乔, 雨 and 圣, 文顺},
  date = {2021},
  journaltitle = {计算机与数字工程},
  volume = {49},
  number = {06},
  pages = {1123-1126+1204},
  issn = {1672-9722},
  url = {https://kns.cnki.net/KCMS/detail/detail.aspx?dbcode=CJFD&dbname=CJFDLAST2021&filename=JSSG202106017&v=},
  abstract = {推荐系统作为帮助用户快速获取有用信息的重要工具之一,得到了深入的研究和广泛的应用。为了更好地挖掘基于上下文信息的推荐场景中"用户-项目-上下文"三者之间的潜在关系,定位用户可能的兴趣点,进而提升推荐准确度和用户体验。通过分析目前已有的关于上下文情景数据处理技术的原理和特点,在时间复杂度或者时效性方面仍存在着不足之处,这也是目前融合上下文推荐算法的研究重点和难点之一。针对推荐的时间复杂度高这一方面,提出了融合因子分解技术的推荐算法(FM-CR)来提升基于上下文推荐的效果,包括用户接受率和时间复杂度。经过实验证明,提出的融合因子分解技术的推荐算法(FM-CR)能够在保证用户的推荐接受率的情况下,使得产生推荐结果的时间效率有了明显提高。},
  langid = {chinese},
  keywords = {context information,factorization machines,recommendation-acceptance rate,time complexity,上下文信息,因子分解,推荐接受率 recommender system,推荐系统,时间复杂度},
  file = {D\:\\Austi\\Documents\\Zotero\\attachments\\2021\\乔_圣\\融合因子分解的上下文推荐算法研究\\乔_圣_2021_融合因子分解的上下文推荐算法研究.pdf}
}

@unpublished{reddiConvergenceAdam2019,
  title = {On the {{Convergence}} of {{Adam}} and {{Beyond}}},
  author = {Reddi, Sashank J. and Kale, Satyen and Kumar, Sanjiv},
  date = {2019-04-19},
  eprint = {1904.09237},
  eprinttype = {arxiv},
  primaryclass = {cs, math, stat},
  url = {http://arxiv.org/abs/1904.09237},
  urldate = {2022-04-29},
  abstract = {Several recently proposed stochastic optimization methods that have been successfully used in training deep networks such as RMSProp, Adam, Adadelta, Nadam are based on using gradient updates scaled by square roots of exponential moving averages of squared past gradients. In many applications, e.g. learning with large output spaces, it has been empirically observed that these algorithms fail to converge to an optimal solution (or a critical point in nonconvex settings). We show that one cause for such failures is the exponential moving average used in the algorithms. We provide an explicit example of a simple convex optimization setting where Adam does not converge to the optimal solution, and describe the precise problems with the previous analysis of Adam algorithm. Our analysis suggests that the convergence issues can be fixed by endowing such algorithms with `long-term memory' of past gradients, and propose new variants of the Adam algorithm which not only fix the convergence issues but often also lead to improved empirical performance.},
  archiveprefix = {arXiv},
  keywords = {Computer Science - Machine Learning,Mathematics - Optimization and Control,Statistics - Machine Learning},
  file = {D\:\\Austi\\Documents\\Zotero\\attachments\\2019\\Reddi et al\\On the Convergence of Adam and Beyond\\Reddi et al_2019_On the Convergence of Adam and Beyond.pdf;D\:\\Austi\\Documents\\Zotero\\config\\storage\\C4IUZB2S\\1904.html}
}

@inproceedings{rendleFactorizationMachines2010,
  title = {Factorization {{Machines}}},
  booktitle = {2010 {{IEEE International Conference}} on {{Data Mining}}},
  author = {Rendle, Steffen},
  date = {2010},
  pages = {995--1000},
  issn = {2374-8486},
  doi = {10.1109/ICDM.2010.127},
  abstract = {In this paper, we introduce Factorization Machines (FM) which are a new model class that combines the advantages of Support Vector Machines (SVM) with factorization models. Like SVMs, FMs are a general predictor working with any real valued feature vector. In contrast to SVMs, FMs model all interactions between variables using factorized parameters. Thus they are able to estimate interactions even in problems with huge sparsity (like recommender systems) where SVMs fail. We show that the model equation of FMs can be calculated in linear time and thus FMs can be optimized directly. So unlike nonlinear SVMs, a transformation in the dual form is not necessary and the model parameters can be estimated directly without the need of any support vector in the solution. We show the relationship to SVMs and the advantages of FMs for parameter estimation in sparse settings. On the other hand there are many different factorization models like matrix factorization, parallel factor analysis or specialized models like SVD++, PITF or FPMC. The drawback of these models is that they are not applicable for general prediction tasks but work only with special input data. Furthermore their model equations and optimization algorithms are derived individually for each task. We show that FMs can mimic these models just by specifying the input data (i.e. the feature vectors). This makes FMs easily applicable even for users without expert knowledge in factorization models.},
  eventtitle = {2010 {{IEEE International Conference}} on {{Data Mining}}},
  keywords = {Computational modeling,Data models,Equations,factorization machine,Frequency modulation,Mathematical model,Predictive models,sparse data,support vector machine,Support vector machines,tensor factorization},
  file = {D\:\\Austi\\Documents\\Zotero\\attachments\\2010\\Rendle\\Factorization Machines\\Rendle_2010_Factorization Machines.pdf;D\:\\Austi\\Documents\\Zotero\\config\\storage\\XI33MQ5N\\5694074.html}
}

@article{sahooDeepRecoDeepLearning2019,
  title = {{{DeepReco}}: {{Deep Learning Based Health Recommender System Using Collaborative Filtering}}},
  shorttitle = {{{DeepReco}}},
  author = {Sahoo, Abhaya Kumar and Pradhan, Chittaranjan and Barik, Rabindra Kumar and Dubey, Harishchandra},
  date = {2019-06},
  journaltitle = {Computation},
  volume = {7},
  number = {2},
  pages = {25},
  publisher = {{Multidisciplinary Digital Publishing Institute}},
  doi = {10.3390/computation7020025},
  url = {https://www.mdpi.com/2079-3197/7/2/25},
  urldate = {2022-01-15},
  abstract = {In today\&rsquo;s digital world healthcare is one core area of the medical domain. A healthcare system is required to analyze a large amount of patient data which helps to derive insights and assist the prediction of diseases. This system should be intelligent in order to predict a health condition by analyzing a patient\&rsquo;s lifestyle, physical health records and social activities. The health recommender system (HRS) is becoming an important platform for healthcare services. In this context, health intelligent systems have become indispensable tools in decision making processes in the healthcare sector. Their main objective is to ensure the availability of the valuable information at the right time by ensuring information quality, trustworthiness, authentication and privacy concerns. As people use social networks to understand their health condition, so the health recommender system is very important to derive outcomes such as recommending diagnoses, health insurance, clinical pathway-based treatment methods and alternative medicines based on the patient\&rsquo;s health profile. Recent research which targets the utilization of large volumes of medical data while combining multimodal data from disparate sources is discussed which reduces the workload and cost in health care. In the healthcare sector, big data analytics using recommender systems have an important role in terms of decision-making processes with respect to a patient\&rsquo;s health. This paper gives a proposed intelligent HRS using Restricted Boltzmann Machine (RBM)-Convolutional Neural Network (CNN) deep learning method, which provides an insight into how big data analytics can be used for the implementation of an effective health recommender engine, and illustrates an opportunity for the health care industry to transition from a traditional scenario to a more personalized paradigm in a tele-health environment. By considering Root Square Mean Error (RSME) and Mean Absolute Error (MAE) values, the proposed deep learning method (RBM-CNN) presents fewer errors compared to other approaches.},
  issue = {2},
  langid = {english},
  keywords = {CNN,collaborative filtering,deep learning,health recommender system,MF,RBM,SVD},
  file = {D\:\\Austi\\Documents\\Zotero\\attachments\\2019\\Sahoo et al\\DeepReco\\Sahoo et al_2019_DeepReco.pdf;D\:\\Austi\\Documents\\Zotero\\config\\storage\\7XH2Z47V\\25.html}
}

@article{shaJiYuYinShiFanKuiDeGeXingHuaYouXiTuiJianFangFa2021,
  title = {基于隐式反馈的个性化游戏推荐方法},
  author = {沙, 静 and 曾, 巩俐 and 杨, 扬 and 卫, 遥},
  date = {2021},
  journaltitle = {系统仿真学报},
  volume = {33},
  number = {04},
  pages = {809--817},
  issn = {1004-731X},
  doi = {10.16182/j.issn1004731x.joss.19-0636},
  url = {https://kns.cnki.net/KCMS/detail/detail.aspx?dbcode=CJFD&dbname=CJFDLAST2021&filename=XTFZ202104008&v=},
  abstract = {传统的推荐系统常用显式反馈进行个性化推荐,但显式反馈数据不易获取,质量不好且易引起用户反感,使推荐结果不能满足用户需求。隐式反馈数据更容易获取,可更好地为用户提供其感兴趣的内容。提出一种基于隐式反馈数据的个性化游戏推荐方法。该方法基于游戏时长、游戏次数等隐式反馈数据,构建针对游戏用户数据的隐式反馈推荐模型,通过隐语义推荐算法实现了游戏的个性化推荐。通过大量真实数据集的对比实验,表明该方法的精确率和召回率均优于其他方法。},
  langid = {chinese},
  keywords = {implicit feedback,LFM(Latent Factor Model),personalized recommendations,个性化推荐 recommended system,推荐系统,隐式反馈,隐语义模型},
  annotation = {1 citations(CNKI)[2022-01-10]{$<$}北大核心, CSCD{$>$}},
  file = {D\:\\Austi\\Documents\\Zotero\\attachments\\2021\\沙 et al\\基于隐式反馈的个性化游戏推荐方法\\沙 et al_2021_基于隐式反馈的个性化游戏推荐方法.pdf}
}

@article{shaoHIBoostingRecommenderSystem2019,
  title = {{{HIBoosting}}: {{A Recommender System Based}} on a {{Gradient Boosting Machine}}},
  shorttitle = {{{HIBoosting}}},
  author = {Shao, Yabin and Wang, Chuanlong},
  date = {2019},
  journaltitle = {IEEE Access},
  volume = {7},
  pages = {171013--171022},
  issn = {2169-3536},
  doi = {10.1109/ACCESS.2019.2956342},
  abstract = {Based on explicit data, collaborative filtering is one of the most valuable technologies of a recommender system. However, the further development of a recommender system has been restricted to some extent by the problems of cold start and data sparsity. To weaken the effect caused by data loss, some implicit feedback data are typically introduced into the recommendation such as social information and attribute data. In this paper, we propose a heterogeneous information boosting model for recommendations (HIBoosting). The model takes advantage of different network meta-paths to mine the potential information of user social networks, object metadata and interactive data in heterogeneous information networks. For different semantic information, we use a random-walk based on a meta-path to calculate the similarities of users or items, which are used to extract the low-dimensional embedded features of users or items by factorization, construct user profiles and item profiles. Finally, the embedded features are used for integrated learning by a gradient boosting decision tree (GBDT) to provide users with better recommendation services. The model not only integrates heterogeneous information in information networks, but also makes full use of mining latent relations of heterogeneous information networks. Experiments on the CiaoDVD and Lastfm datasets show that HIBoosting has made great progress in the accuracy of a recommender system.},
  eventtitle = {{{IEEE Access}}},
  keywords = {Boosting,Collaboration,Collaborative filtering,Feature extraction,gradient boosting decision tree,heterogeneous information network,Motion pictures,network meta-path,Recommender systems,Semantics},
  file = {D\:\\Austi\\Documents\\Zotero\\attachments\\2019\\Shao_Wang\\HIBoosting\\Shao_Wang_2019_HIBoosting.pdf;D\:\\Austi\\Documents\\Zotero\\config\\storage\\785BDLVU\\8915796.html}
}

@patent{shaoYiZhongJiYuJuanJiShenJingWangLuoDeYinLeTuiJianXiTongJiTuiJianFangFa2018,
  type = {patent},
  title = {一种基于卷积神经网络的音乐推荐系统及推荐方法},
  author = {邵, 曦 and 何, 蓉},
  date = {2018-09-28},
  number = {发明公开},
  url = {https://kns.cnki.net/KCMS/detail/detail.aspx?dbcode=SCPD&dbname=SCPD2018&filename=CN108595550A&v=},
  abstract = {本发明提供了一种基于卷积神经网络的音乐推荐系统及推荐方法,包括用于采集音乐用户历史行为数据,构建音乐用户偏好模型的音乐用户建模模块；用于获得回归模型的音乐特征建模模块；用于通过回归模型找到与音乐用户偏好相匹配的音乐对象,推荐给音乐用户的推荐算法模块。本发明把深度学习应用到推荐系统中,有效地弥补了歌曲特征与音频信号之间的语义差别,同时避免了协同过滤中的“冷启动”等问题,提高了推荐系统的准确率。采用卷积神经网络解决了训练效率低下与高时效性需求间的矛盾,并且将用户历史行为信息和音频的声学特征一起加入到模型中,使得推荐结果更符合用户的偏好需求,增强了用户对推荐系统的使用体验性。},
  file = {D\:\\Austi\\Documents\\Zotero\\attachments\\2018\\邵_何\\一种基于卷积神经网络的音乐推荐系统及推荐方法\\2018_一种基于卷积神经网络的音乐推荐系统及推荐方法.pdf}
}

@thesis{shenJiYuShenDuXueXiDeShangPinGeXingHuaTuiJianXiTongSheJiYuShiXian2021,
  type = {硕士},
  title = {基于深度学习的商品个性化推荐系统设计与实现},
  author = {沈, 波},
  date = {2021},
  institution = {{南昌大学}},
  url = {https://kns.cnki.net/KCMS/detail/detail.aspx?dbcode=CMFD&dbname=CMFDTEMP&filename=1021796265.nh&v=},
  editora = {喻, 国平 and 熊, 蕾},
  editoratype = {collaborator},
  file = {D\:\\Austi\\Documents\\Zotero\\attachments\\2021\\沈\\基于深度学习的商品个性化推荐系统设计与实现\\沈_2021_基于深度学习的商品个性化推荐系统设计与实现.pdf}
}

@article{suSurveyCollaborativeFiltering2009,
  title = {A {{Survey}} of {{Collaborative Filtering Techniques}}},
  author = {Su, Xiaoyuan and Khoshgoftaar, Taghi M.},
  date = {2009-10-27},
  journaltitle = {Advances in Artificial Intelligence},
  volume = {2009},
  pages = {e421425},
  publisher = {{Hindawi}},
  issn = {1687-7470},
  doi = {10.1155/2009/421425},
  url = {https://www.hindawi.com/journals/aai/2009/421425/},
  urldate = {2022-04-13},
  abstract = {As one of the most successful approaches to building recommender systems, collaborative filtering (CF) uses the known preferences of a group of users to make recommendations or predictions of the unknown preferences for other users. In this paper, we first introduce CF tasks and their main challenges, such as data sparsity, scalability, synonymy, gray sheep, shilling attacks, privacy protection, etc., and their possible solutions. We then present three main categories of CF techniques: memory-based, model-based, and hybrid CF algorithms (that combine CF with other recommendation techniques), with examples for representative algorithms of each category, and analysis of their predictive performance and their ability to address the challenges. From basic techniques to the state-of-the-art, we attempt to present a comprehensive survey for CF techniques, which can be served as a roadmap for research and practice in this area.},
  langid = {english},
  file = {D\:\\Austi\\Documents\\Zotero\\attachments\\2009\\Su_Khoshgoftaar\\A Survey of Collaborative Filtering Techniques\\Su_Khoshgoftaar_2009_A Survey of Collaborative Filtering Techniques.pdf;D\:\\Austi\\Documents\\Zotero\\config\\storage\\C52QQK5W\\421425.html}
}

@thesis{taoMianXiangYouXiShangChengDeFenBuShiTuiJianJiShuYanJiu2020,
  type = {硕士},
  title = {面向游戏商城的分布式推荐技术研究},
  author = {陶, 贵俊},
  date = {2020},
  institution = {{浙江大学}},
  url = {https://kns.cnki.net/KCMS/detail/detail.aspx?dbcode=CMFD&dbname=CMFDTEMP&filename=1021830607.nh&v=},
  abstract = {随着互联网的发展,网络游戏已成为人们日常娱乐的重要来源。游戏商城中物品成千上万,玩家很难快速找到适合自己的物品,因此个性化推荐系统已是网游中不可或缺的一部分。在解决特征矩阵稀疏问题时,相比SVD矩阵降维算法,混合协同过滤算法可有效避免核心数据丢失,但此算法需要大量的运算时间,个性化推荐延时较重,严重影响用户体验。本文通过分布式技术减少混合协同过滤算法的运算时间,详细分析了目前主流分布式算法出现的问题:一致性哈希算法无法保证任务分配的均匀性;均匀轮询算法无法根据服务间计算能力的不同及任务间复杂度的差异性进行动态合理分配任务;按服务器计算能力的差异性分配任务算法,无法根据任务间复杂度的差异性进行动态合理分配任务。为解决上述问题,本文提出一种基于任务完成情况动态调整的负载均衡策略,通过定时监测各服务本轮的任务完成数量,将其作为下一轮各服务分派任务的基数,此负载均衡策略可有效解决因服务器计算能力不同及任务间复杂度差异性带来的任务分配不合理问题,从而大幅度降低算法的整体运算时间。本文基于网游数据特性建立算法模型,将玩家行为分为玩家活动行为和玩家购买行为,对玩家活动行为做基于用户多维相似度协同过滤计算,解决购买行为特征矩阵稀疏问题;对玩家购买行为做基于物品的协同过滤计算,获得物品间的关联关系。本文算法在评测中展现出良好的扩展性,当物理机达到8台时,运算时间从单服务的24小时25分缩短到3小时47分。对比基于负载有界的一致性哈希、均匀轮询、服务器计算能力分类三种分布式算法,本文算法运算效率分别提升18\%、14.5\%、7\%。此外在测试环境对比SVD与Borda排序相结合的协同过滤算法,本文算法准确率提高7\%。},
  editora = {邵, 健 and 陈, 清华},
  editoratype = {collaborator},
  langid = {chinese},
  keywords = {collaborative filtering,game mall recommendation,recommendation algorithm,分布式推荐算法,协同过滤,推荐算法,游戏商城推荐 distributed recommendation algorithm},
  file = {D\:\\Austi\\Documents\\Zotero\\attachments\\2020\\陶\\面向游戏商城的分布式推荐技术研究\\陶_2020_面向游戏商城的分布式推荐技术研究.pdf}
}

@article{tielemanLecture5rmspropDivide2012,
  title = {Lecture 6.5-Rmsprop: {{Divide}} the Gradient by a Running Average of Its Recent Magnitude},
  author = {Tieleman, Tijmen and Hinton, Geoffrey},
  date = {2012},
  journaltitle = {COURSERA: Neural networks for machine learning},
  volume = {4},
  number = {2},
  pages = {26--31}
}

@article{wangAdversarialTrainingBasedMean2020,
  title = {Adversarial {{Training-Based Mean Bayesian Personalized Ranking}} for {{Recommender System}}},
  author = {Wang, Jianfang and Han, Pengfei},
  date = {2020},
  journaltitle = {IEEE Access},
  volume = {8},
  pages = {7958--7968},
  issn = {2169-3536},
  doi = {10.1109/ACCESS.2019.2963316},
  abstract = {Users' feedback information as the ground-truth has attracted a lot of attention in recommender systems. However, the feedback that could be contaminated by users' misoperations or malicious operations is probably not true in real scenarios. This work aims to develop a technique based on an improved Bayesian personalized ranking (BPR), called adversarial training-based mean Bayesian personalized ranking (AT-MBPR). In this method, we divide the feedback information into three categories based on the mean Bayesian personalized ranking (MBPR), then gain the implicit feedback from the mean and non-observed items of each user, following which, adversarial perturbations are added on the embedding vectors of the users and items by playing a minimax game to reduce the noise. The experiments demonstrate in five datasets that our approach outperforms the traditional BPR methods and state-of-the-art methods used for the recommendation. Our implementation is available at: https://github.com/HanXia001/Adversarial-Training-based-Mean-BPR-for-Recommender.},
  eventtitle = {{{IEEE Access}}},
  keywords = {Adversarial training,Bayes methods,BPR,Business process re-engineering,Collaboration,collaborative filtering,Negative feedback,recommender system,Recommender systems,Robustness,Training},
  file = {D\:\\Austi\\Documents\\Zotero\\attachments\\2020\\Wang_Han\\Adversarial Training-Based Mean Bayesian Personalized Ranking for Recommender\\Wang_Han_2020_Adversarial Training-Based Mean Bayesian Personalized Ranking for Recommender.pdf;D\:\\Austi\\Documents\\Zotero\\config\\storage\\2MZ99ESB\\8946325.html}
}

@article{wangJiYuDeepFMDeShangPinGouWuTuiJianXiTongDeYanJiuYuYingYong2019,
  title = {基于DeepFM的商品购物推荐系统的研究与应用},
  author = {王, 珊珊},
  date = {2019},
  journaltitle = {湖南科技学院学报},
  volume = {40},
  number = {03},
  pages = {76--77},
  issn = {1673-2219},
  doi = {10.16336/j.cnki.cn43-1459/z.2019.03.028},
  url = {https://kns.cnki.net/KCMS/detail/detail.aspx?dbcode=CJFD&dbname=CJFDLAST2019&filename=JMLK201903028&v=},
  abstract = {随着电子商务的发展,面对多种多样的商品信息,如何将用户感兴趣的商品快速准确的推荐给他们成为电子商务领域研究的重要课题。基于评分数据的矩阵分解推荐模型被广泛研究和应用,但数据稀疏性问题影响了该模型的推荐质量。有研究提出用户在选购商品时呈现出兴趣的变化性及多样性,论文提出了一种基于DeepFM网络的商品推荐算法,首先把用户已购商品进行嵌入式编码,将稀疏特征转换为低维的稠密特征;另一方面用户个人属性特征可以一定程度上表达用户的购买意向,同样使用嵌入式编码对特征进行转换;DeepFM从wide、deep(即低阶、高阶)两方面同时进行考虑,进一步提高模型的泛化能力。论文利用DeepFM对用户购买商品的兴趣进行预测;从用户购买及个人偏好中学习用户兴趣的表示,从而准确地预测用户的购买行为。最后,利用线上用户购买的真实记录数据集去评估模型效果,并与其他模型进行了对比,验证了模型的有效性。},
  langid = {chinese},
  keywords = {DeepFM,嵌入式编码,搜索文本,评分矩阵},
  annotation = {2 citations(CNKI)[2022-1-12]},
  file = {D\:\\Austi\\Documents\\Zotero\\attachments\\2019\\王\\基于DeepFM的商品购物推荐系统的研究与应用\\王_2019_基于DeepFM的商品购物推荐系统的研究与应用.pdf}
}

@article{wangJiYuDeepFMDeShenDuXingQuYinZiFenJieJiWangLuo2021,
  title = {基于DeepFM的深度兴趣因子分解机网络},
  author = {王, 瑞平 and 贾, 真 and 刘, 畅 and 陈, 泽威 and 李, 天瑞},
  date = {2021},
  journaltitle = {计算机科学},
  volume = {48},
  number = {01},
  pages = {226--232},
  issn = {1002-137X},
  url = {https://kns.cnki.net/KCMS/detail/detail.aspx?dbcode=CJFD&dbname=CJFDLAST2021&filename=JSJA202101032&v=},
  abstract = {推荐系统能够根据用户的喜好从海量信息中筛选出其可能感兴趣的信息并进行排序展示。随着深度学习在多个研究领域取得了良好的效果,其也开始应用于推荐系统。目前基于深度学习的推荐排序算法常采用Embedding\&MLP模式,只能获得高阶的特征交互。为了解决该问题,DeepFM在上述模式中加入了因子分解机(Factorization Machine,FM),能够实现端到端的低阶与高阶特征交互学习,但其缺乏用户兴趣多样性的表示。鉴于此,通过将多头注意力机制引入DeepFM,提出了深度兴趣因子分解机网络(Deep Interest Factorization Machine Network,DIFMN)。DIFMN能够根据待推荐的不同物品自适应地学习用户表示,展示用户兴趣的多样性。此外,该模型根据用户历史行为的种类添加了喜好表征,从而不仅能够应用于只记录用户爱好的历史行为的任务,还可以处理同时记录用户喜欢与不喜欢的历史行为的任务。采用tensorflow-gpu进行算法的实现,在Amazon(Electronics)和movieLen-20m两个公开数据集上进行对比测试,实验表明所提算法相比DeepFM分别有17.70\%和35.24\%的RelaImpr提升,验证了其可行性与有效性。},
  langid = {chinese},
  keywords = {CTR prediction,CTR预测,Deep learning,DeepFM,Multi-head attention mechanism,User interest modeling,多头注意力机制,推荐算法,深度学习,用户兴趣建模 Recommendation algorithm},
  annotation = {3 citations(CNKI)[2022-1-12]{$<$}北大核心, CSCD{$>$}},
  file = {D\:\\Austi\\Documents\\Zotero\\attachments\\2021\\王 et al\\基于DeepFM的深度兴趣因子分解机网络\\王 et al_2021_基于DeepFM的深度兴趣因子分解机网络.pdf}
}

@article{wangJiYuFMYuDeepFMMoXingDuiGTDTeZhengDeYanJiu2019,
  title = {基于FM与DeepFM模型对GTD特征的研究},
  author = {王, 美 and 龙, 华 and 邵, 玉斌 and 杜, 庆治},
  date = {2019},
  journaltitle = {通信技术},
  volume = {52},
  number = {06},
  pages = {1495--1499},
  issn = {1002-0802},
  url = {https://kns.cnki.net/KCMS/detail/detail.aspx?dbcode=CJFD&dbname=CJFDLAST2019&filename=TXJS201906033&v=},
  abstract = {用"全球恐怖主义研究数据库"GTD数据集分析恐怖袭击事件的聚集性,对分析未来事件发生有较好的作用。对该课题的研究中有学者发现逻辑回归模型LR对GTD数据集的分类效果最佳,并提出GTD中大多数特征参数和分类变量呈线性关系,但在其研究模型中未充分考虑GTD数据集的稀疏性以及高维度多冗余的特点,若充分考虑前面提到的GTD的特点,学者们得出的结论是否仍符合。基于此问题,选用善于对稀疏集进行分析的"因子分解机"FM"与线性模型LR对GTD进行实验,用马修斯系数MCC比较分类效果,MCC越大越好,实验结果显示FM其MCC为0.96高于LR的0.94,GTD分类中基于FM优于LR的情况,进而采用FM与深度分解机"DeepFM"模型对GTD分类是否需深度建模进行研究,基于基尼系数Gini比较分类效果,Gini越大越好,实验结果显示相对于DeepFM其FM提前33\%的时间基尼系数达到0.8良好情况,最终均收敛于0.95,综合可知,针对GTD数据集的分析,低阶(d=2)FM分类模型比线性LR(d=1)和高阶DeepFM(d{$>$}2)模型效果更佳。补充FM为概率模型,文章中加入分类阈值算法,使得最终为二分类结果 ,FM与分类阈值的结合即TFM模型。},
  langid = {chinese},
  keywords = {DeepFM,factorization machines,Gini coefficient,GTD,MCC,TFM,TFM模型,因子分解机,基尼系数 GTD,深度分解机},
  annotation = {2 citations(CNKI)[2022-1-12]},
  file = {D\:\\Austi\\Documents\\Zotero\\attachments\\2019\\王 et al\\基于FM与DeepFM模型对GTD特征的研究\\王 et al_2019_基于FM与DeepFM模型对GTD特征的研究.pdf}
}

@article{wangJiYuShenDuXueXiDeTuiJianSuanFaYanJiuZongShu2018,
  title = {基于深度学习的推荐算法研究综述},
  author = {王, 俊淑 and 张, 国明 and 胡, 斌},
  date = {2018},
  journaltitle = {南京师范大学学报(工程技术版)},
  volume = {18},
  number = {04},
  pages = {33--43},
  issn = {1672-1292},
  url = {https://kns.cnki.net/KCMS/detail/detail.aspx?dbcode=CJFD&dbname=CJFDLAST2019&filename=NJSE201804007&v=},
  abstract = {深度学习技术是机器学习领域的一个研究热点,已被深入研究并广泛应用于许多领域.推荐系统是缓解信息过载的重要技术,如何将深度学习融入推荐系统,利用深度学习的优势从各种复杂多维数据中学习用户和物品的内在本质特征,构建更加符合用户兴趣需求的模型,以提高推荐算法的性能和用户满意度,是深度学习应用于推荐系统的主要研究任务.对基于深度学习的推荐算法研究和应用现状进行了综述,讨论并展望了深度学习应用于推荐系统的研究发展趋势.},
  langid = {chinese},
  keywords = {collaborative filtering,content-based recommendation,deep learning,dynamic recommendation,tag-based recommendation,内容推荐,动态推荐,协同过滤,推荐系统,标签推荐 recommender systems,深度学习},
  annotation = {35 citations(CNKI)[2022-1-12]},
  file = {D\:\\Austi\\Documents\\Zotero\\attachments\\2018\\王 et al\\基于深度学习的推荐算法研究综述\\王 et al_2018_基于深度学习的推荐算法研究综述.pdf}
}

@unpublished{wangTag2VecLearningTag2020,
  title = {{{Tag2Vec}}: {{Learning Tag Representations}} in {{Tag Networks}}},
  shorttitle = {{{Tag2Vec}}},
  author = {Wang, Junshan and Lu, Zhicong and Song, Guojie and Fan, Yue and Du, Lun and Lin, Wei},
  date = {2020-09-24},
  eprint = {1905.03041},
  eprinttype = {arxiv},
  primaryclass = {physics, stat},
  doi = {10.1145/3308558.3308558.3313622},
  url = {http://arxiv.org/abs/1905.03041},
  urldate = {2022-03-11},
  abstract = {Network embedding is a method to learn low-dimensional representation vectors for nodes in complex networks. In real networks, nodes may have multiple tags but existing methods ignore the abundant semantic and hierarchical information of tags. This information is useful to many network applications and usually very stable. In this paper, we propose a tag representation learning model, Tag2Vec, which mixes nodes and tags into a hybrid network. Firstly, for tag networks, we define semantic distance as the proximity between tags and design a novel strategy, parameterized random walk, to generate context with semantic and hierarchical information of tags adaptively. Then, we propose hyperbolic Skip-gram model to express the complex hierarchical structure better with lower output dimensions. We evaluate our model on the NBER U.S. patent dataset and WordNet dataset. The results show that our model can learn tag representations with rich semantic information and it outperforms other baselines.},
  archiveprefix = {arXiv},
  keywords = {Computer Science - Machine Learning,Computer Science - Social and Information Networks,Physics - Physics and Society,Statistics - Machine Learning},
  file = {D\:\\Austi\\Documents\\Zotero\\attachments\\2020\\Wang et al\\Tag2Vec\\Wang et al_2020_Tag2Vec.pdf;D\:\\Austi\\Documents\\Zotero\\config\\storage\\SVUMEBW2\\1905.html}
}

@inproceedings{wanItemRecommendationMonotonic2018,
  title = {Item Recommendation on Monotonic Behavior Chains},
  booktitle = {Proceedings of the 12th {{ACM Conference}} on {{Recommender Systems}}},
  author = {Wan, Mengting and McAuley, Julian},
  date = {2018-09-27},
  pages = {86--94},
  publisher = {{ACM}},
  location = {{Vancouver British Columbia Canada}},
  doi = {10.1145/3240323.3240369},
  url = {https://dl.acm.org/doi/10.1145/3240323.3240369},
  urldate = {2022-01-10},
  abstract = {Explicit’ and ‘implicit’ feedback in recommender systems have been studied for many years, as two relatively isolated areas. However many real-world systems involve a spectrum of both implicit and explicit signals, ranging from clicks and purchases, to ratings and reviews. A natural question is whether implicit signals (which are dense but noisy) might help to predict explicit signals (which are sparse but reliable), or vice versa. Thus in this paper, we propose an item recommendation framework which jointly models this full spectrum of interactions. Our main observation is that in many settings, feedback signals exhibit monotonic dependency structures, i.e., any signal necessarily implies the presence of a weaker (or more implicit) signal (a ‘review’ action implies a ‘purchase’ action, which implies a ‘click’ action, etc.). We refer to these structures as ‘monotonic behavior chains,’ for which we develop new algorithms that exploit these dependencies. Using several new and existing datasets that exhibit a variety of feedback types, we demonstrate the quantitative performance of our approaches. We also perform qualitative analysis to uncover the relationships between different stages of implicit vs. explicit signals.},
  eventtitle = {{{RecSys}} '18: {{Twelfth ACM Conference}} on {{Recommender Systems}}},
  isbn = {978-1-4503-5901-6},
  langid = {english},
  file = {D\:\\Austi\\Documents\\Zotero\\attachments\\2018\\Wan_McAuley\\Item recommendation on monotonic behavior chains\\Wan_McAuley_2018_Item recommendation on monotonic behavior chains.pdf}
}

@article{wuJiYuGaiJinCNNDeJuBuXiangSiXingYuCeTuiJianMoXing2019,
  title = {基于改进CNN的局部相似性预测推荐模型},
  author = {吴, 国栋 and 宋, 福根 and 涂, 立静 and 史, 明哲},
  date = {2019},
  journaltitle = {计算机工程与科学},
  volume = {41},
  number = {06},
  pages = {1071--1077},
  issn = {1007-130X},
  url = {https://kns.cnki.net/KCMS/detail/detail.aspx?dbcode=CJFD&dbname=CJFDLAST2019&filename=JSJK201906016&v=},
  abstract = {为缓解推荐系统中数据稀疏性问题,利用卷积神经网络CNN具有较强捕捉局部特征能力的优势,通过加入一个调节层,提出一种改进CNN的局部相似性预测推荐模型LSPCNN。新模型对初始用户-项目评分矩阵进行迭代调整,使用户兴趣偏好局部特征化,再融合CNN对缺失评分进行预测,从而实施个性化推荐。实验结果表明,LSPCNN模型在不同数据稀疏度下的MAE值较传统推荐方法平均下降4\%,有效缓解了数据稀疏性,提高了推荐系统的性能。},
  langid = {chinese},
  keywords = {local similarity,recommender system,sparsity,卷积神经网络(CNN),局部相似性,推荐系统 convolutional neural network(CNN),稀疏性},
  annotation = {7 citations(CNKI)[2022-1-15]{$<$}北大核心, CSCD{$>$}},
  file = {D\:\\Austi\\Documents\\Zotero\\attachments\\2019\\吴 et al\\基于改进CNN的局部相似性预测推荐模型\\吴 et al_2019_基于改进CNN的局部相似性预测推荐模型.pdf}
}

@patent{wuYiZhongJiYuJuanJiShenJingWangLuoDeZhongWenCaiJingXinWenWenBenFenLeiFangFa2018,
  type = {patent},
  title = {一种基于卷积神经网络的中文财经新闻文本分类方法},
  author = {吴, 佳萍 and 谢, 志峰 and 黄, 东晋 and 丁, 友东},
  date = {2018-08-14},
  number = {发明公开},
  url = {https://kns.cnki.net/KCMS/detail/detail.aspx?dbcode=SCPD&dbname=SCPD2018&filename=CN108399230A&v=},
  abstract = {本发明公开了一种基于卷积神经网络的中文财经新闻文本分类方法,主要分为词向量训练、文本预处理、神经网络模型训练、新闻分类四个部分。使用大规模财经新闻语料,通过无监督学习的方法,训练获得一个广义通用的财经类词向量模型,并有效地将词向量引入到卷积神经网络模型的训练中,通过动态调整词向量的方法増加模型的统计信息。使用的卷积网络模型结构简单,针对小样本集也能表现优异的性能,不仅有效解决中文财经新闻分类问题,还充分证明了卷积神经网络在处理文本分类问题中的有效性。},
  file = {D\:\\Austi\\Documents\\Zotero\\attachments\\2018\\吴 et al\\一种基于卷积神经网络的中文财经新闻文本分类方法\\2018_一种基于卷积神经网络的中文财经新闻文本分类方法.pdf}
}

@thesis{xieJiYuHtml5DeShouJiYouXiTuiJianXiTongYanJiuYuShiXian2017,
  type = {硕士},
  title = {基于Html5的手机游戏推荐系统研究与实现},
  author = {薛, 斌},
  date = {2017},
  institution = {{南京理工大学}},
  url = {https://kns.cnki.net/KCMS/detail/detail.aspx?dbcode=CMFD&dbname=CMFD201802&filename=1017053535.nh&v=},
  abstract = {随着互联网时代的到来和Html5技术的革新,手机Html5游戏已经成为游戏行业的商业红海。个性化推荐系统可以帮助用户快速、高效地发现感兴趣的信息。针对手机Html5游戏产业的特点和发展趋势,本文研究Html5、个性推荐算法等相关技术,并实现一个基于Html5的手机游戏推荐系统。主要工作如下:(1)通过需求分析,将推荐系统分成四个大模块,分别是手机Html5游戏大厅、手机Html5游戏后台管理系统、服务器后台业务模块和游戏推荐模块。手机Html5游戏大厅用于收集用户的行为数据,并为用户提供优质的服务和推荐信息。手机Html5游戏后台管理系统用于管理整个推荐系统的数据,并能查询游戏的统计数据和相关的用户行为。服务器后台业务模块为前端系统提供服务,拥有高性能、高稳定的特点。游戏推荐模块提供游戏推荐的服务,需要一种实时性强的拥有较好推荐效果的推荐算法。(2)研究基于信息熵相似性度量的协同过滤推荐算法。采用信息熵的相似性度量方法,解决了传统相似性度量方法的缺陷,在不改变数据稀疏性的情况下,提升了推荐精度,并在MovieLens的数据集和系统采集的数据集上得到验证。以此方法作为推荐系统的推荐算法的基础。(3)设计并实现基于Html5的手机游戏推荐系统。系统采用一种高实时性的协同过滤推荐算法进行游戏的推荐,该算法由数据预处理、用户最近邻修改和游戏推荐三个模块组成。最后实现的系统已经在第三方网站上投入使用,通过分析系统的用户行为数据和第三方网站的收入数据可知,本文设计的基于Html5手机游戏推荐系统能够正确有效地为用户推荐用户感兴趣的游戏,达到了预期的目标。},
  editora = {王, 琼 and 陆, 建峰},
  editoratype = {collaborator},
  langid = {chinese},
  keywords = {Collaborative Filtering Algorithm,Html5,Mobile Games,协同过滤算法,手机游戏 Recommender System,推荐系统},
  annotation = {2 citations(CNKI)[2022-01-10]},
  file = {D\:\\Austi\\Documents\\Zotero\\attachments\\2017\\薛\\基于Html5的手机游戏推荐系统研究与实现\\薛_2017_基于Html5的手机游戏推荐系统研究与实现.pdf}
}

@thesis{xieJiYuShenDuXueXiDeLunWenTuiJianXiTongDeSheJiYuShiXian2021,
  type = {硕士},
  title = {基于深度学习的论文推荐系统的设计与实现},
  author = {薛, 小飞},
  date = {2021},
  institution = {{南昌大学}},
  url = {https://kns.cnki.net/KCMS/detail/detail.aspx?dbcode=CMFD&dbname=CMFDTEMP&filename=1021796266.nh&v=},
  editora = {周, 兴斌 and 李, 宇},
  editoratype = {collaborator},
  file = {D\:\\Austi\\Documents\\Zotero\\attachments\\2021\\薛\\基于深度学习的论文推荐系统的设计与实现\\薛_2021_基于深度学习的论文推荐系统的设计与实现.pdf}
}

@thesis{xieJiYuZhongWenPingLunQingGanQingXiangXingFenXiDeShouYouTuiJianYanJiu2017,
  type = {硕士},
  title = {基于中文评论情感倾向性分析的手游推荐研究},
  author = {薛, 梦婷},
  date = {2017},
  institution = {{华南理工大学}},
  url = {https://kns.cnki.net/KCMS/detail/detail.aspx?dbcode=CMFD&dbname=CMFD201801&filename=1017733572.nh&v=},
  abstract = {移动互联网已经渗透到了人类活动的方方面面,其中,移动手机游戏正在逐渐成为人类娱乐活动的主要项目。快速普及的移动终端、丰富多样的游戏产品、功能强大的智能手机以及速度提升的4G网络给新老手游用户带来了非凡的体验,促进了手游行业的高速发展。在这一背景下,如何抓住移动游戏高速发展的黄金时期,为手游用户提供更高质量的精准游戏推荐成为了一个重要的研究任务,具有广阔的应用前景。目前,在各大游戏网站论坛或者手机应用商店中,针对每一款手游,都会有大量的用户评论。这些评论在一定程度上反映出用户在使用手游之后的直接感受,同时也成为其他新用户在选择游戏时的重要参考指标。对手游评论进行情感倾向性分析,深入挖掘手游产品的好评程度、关注侧重等多维度信息,将有助于实现符合用户真正需求的手游推荐。基于以上项目背景和研究意义,本论文的主要工作包括:(1)提出了基于PMI的候选领域词过滤方法,基于词向量实现情感词识别和极性判定,从而构建手游的领域词典和情感词典;(2)基于深度学习方法提取和表达句向量特征,实现手游评论情感倾向性判别,根据好评程度自动形成游戏排行榜;(3)设计了融合规则和最短路径的评价搭配抽取方法,对手游玩家的评论信息进行挖掘和分析,抽取出相应的评价搭配,在此基础上实现游戏推荐,并提供游戏功能改进建议。在实际数据集上的实验结果表明,本文提出的新词发现算法和情感倾向性分析算法可处理大规模的评论数据,实现智能的情感判别,降低了手游评论处理的成本和开销。基于评价搭配的抽取的用户手游推荐算法提高了手游推荐中的准确性。该算法对于指导已有游戏的改良设计和新游戏的功能设计,以及帮助用户找到符合自身需求的手游产品,具有一定的参考价值。},
  editora = {董, 守斌},
  editoratype = {collaborator},
  langid = {chinese},
  keywords = {Comment Collocation Extraction,Game Ranking,Mobile Game Recommendation,OOV(out-of-vocabulary) Detection,情感倾向性分析,手游推荐,新词发现,游戏排行榜 Sentiment Orientation Analysis,评价搭配抽取},
  annotation = {3 citations(CNKI)[2022-01-10]},
  file = {D\:\\Austi\\Documents\\Zotero\\attachments\\2017\\薛\\基于中文评论情感倾向性分析的手游推荐研究\\薛_2017_基于中文评论情感倾向性分析的手游推荐研究.pdf}
}

@thesis{xuShiJianYuShangXiaWenGanZhiDeXuLieTuiJianFangFaYanJiu2020,
  type = {硕士},
  title = {时间与上下文感知的序列推荐方法研究},
  author = {徐, 登威},
  date = {2020},
  institution = {{杭州电子科技大学}},
  url = {https://kns.cnki.net/KCMS/detail/detail.aspx?dbcode=CMFD&dbname=CMFD202101&filename=1020162316.nh&v=},
  abstract = {序列推荐的主要任务是根据给出的用户行为序列,预测用户下一步可能的行为,并生成个性化推荐列表。目前这种技术已经被广泛应用于兴趣点推荐、音乐推荐和游戏推荐等常见领域。然而,近年来随着数据采集技术的发展,越来越多的数据特征可被用于序列推荐,如何从中合理地选取用于推荐的有效信息成为构建序列推荐系统面临的关键挑战之一。首先,用户的行为偏好可能会随着时间动态变化;其次,用户的行为之间存在消极影响,比如已经购买的类似物品可能不会在短期内重复购买;最后,过长的行为序列会导致模型丢失部分历史信息。传统的序列推荐方法难以有效解决上述问题与挑战。本文针对上述问题和挑战展开研究,深入分析用户交互事件之间的重要联系,提出了两种序列推荐的方法。本文主要工作包括如下两个方面:(1)为了挖掘事件的内部关系,正确反映事件之间的正反馈和负反馈,进而提升推荐和预测效果,本文提出了一种基于霍克斯过程的序列推荐模型,针对用户兴趣和事件之间的复杂关联关系进行显式建模。实验结果表明,本文提出的模型比现有的先进方法具有更好的推荐效果。(2)为了更加合理利用序列中的时间信息,同时应对长序列中存在的序列信息丢失问题,本文提出了一种新颖的序列推荐模型。该模型结合间隔时间和持续时间信息来准确地为用户的长期和短期兴趣进行建模,同时在输入层中结合了序列的全局上下文信息,以更好地利用长期序列信息。此外,该模型引入了耦合输入和忘记门的方法,以提高序列建模和推荐预测的效率。实验结果表明,在长序列的建模中,该模型比现有的先进方法具有更好的推荐效果。},
  editora = {俞, 东进},
  editoratype = {collaborator},
  langid = {chinese},
  keywords = {Context-aware,Hawkes process,Long and Short-Term Memory,Sequence modeling,Time-aware,上下文感知 Recommendation system,序列建模,推荐系统,时间感知,长短期记忆,霍克斯过程},
  file = {D\:\\Austi\\Documents\\Zotero\\attachments\\2020\\徐\\时间与上下文感知的序列推荐方法研究\\徐_2020_时间与上下文感知的序列推荐方法研究.pdf}
}

@article{yangMiningPersonalityTraits2019,
  title = {Mining Personality Traits from Social Messages for Game Recommender Systems},
  author = {Yang, Hsin-Chang and Huang, Zi-Rui},
  date = {2019-02-01},
  journaltitle = {Knowledge-Based Systems},
  shortjournal = {Knowledge-Based Systems},
  volume = {165},
  pages = {157--168},
  issn = {0950-7051},
  doi = {10.1016/j.knosys.2018.11.025},
  url = {https://www.sciencedirect.com/science/article/pii/S095070511830577X},
  urldate = {2022-01-15},
  abstract = {Recently, recommender systems for various types of resource received lots of attention due to the need for finding interesting resources from gigantic body such as World Wide Web or social network services. An emerging branch of recommender systems tried to recommend resources to users according to their personality traits and received promising results. In this work, we proposed an approach on recommending computer games to players according to their identified personality traits. We first applied text mining processes on some textual contents related to the players to identify their personality traits using the Five Factor Model. The same personality recognition process was also applied on contents related to games. The games with similar personality traits to the players’ were then recommended to the players. We performed experiments on 63 players and 2050 games with data collected from Steam and obtained satisfying result.},
  langid = {english},
  keywords = {Five Factor Model,Game recommendation,Personality trait,Recommender system,Text mining},
  file = {D\:\\Austi\\Documents\\Zotero\\attachments\\2019\\Yang_Huang\\Mining personality traits from social messages for game recommender systems\\Yang_Huang_2019_Mining personality traits from social messages for game recommender systems.pdf;D\:\\Austi\\Documents\\Zotero\\config\\storage\\YFD8SY5L\\S095070511830577X.html}
}

@article{yangqianYinLeTuiJianJiShuDeXianZhuangYuFaZhan2012,
  title = {音乐推荐技术的现状与发展},
  author = {杨倩 and 潘兴德},
  date = {2012},
  journaltitle = {电声技术},
  volume = {36},
  number = {6},
  pages = {44--46},
  url = {http://www.cqvip.com/QK/92016X/20126/42427795.html},
  urldate = {2022-04-29},
  abstract = {综述了音乐推荐的应用背景、起源和发展以及几种典型的方法,同时分析了当前推荐技术中存在的问题,提出了基于生理和心理状态输入的新的音乐推荐技术的发展方向。},
  file = {D\:\\Austi\\Documents\\Zotero\\attachments\\2012\\杨倩_潘兴德\\音乐推荐技术的现状与发展\\杨倩_潘兴德_2012_音乐推荐技术的现状与发展.pdf;D\:\\Austi\\Documents\\Zotero\\config\\storage\\TRSDWS38\\42427795.html}
}

@article{youJiYuDaShuJuWaJueGouJianYouXiPingTaiGeXingHuaTuiJianXiTongDeYanJiuYuShiJian2014,
  title = {基于大数据挖掘构建游戏平台个性化推荐系统的研究与实践},
  author = {尤, 海浪 and 钱, 锋 and 黄, 祥为 and 胡, 亮亮},
  date = {2014},
  journaltitle = {电信科学},
  volume = {30},
  number = {10},
  pages = {27--32},
  issn = {1000-0801},
  url = {https://kns.cnki.net/KCMS/detail/detail.aspx?dbcode=CJFD&dbname=CJFD2014&filename=DXKX201410007&v=},
  abstract = {给出了一种基于大数据挖掘的手机游戏平台个性化推荐机制,通过对游戏用户行为数据的获取、存储、清洗、挖掘,由改进的余弦相似度算法计算出游戏的相似度,向用户推荐其喜欢的游戏。该机制可以有效提升游戏推荐的准确性,增强用户黏性,为游戏平台创造更多价值。},
  langid = {chinese},
  keywords = {mobile game,personalized recommendation,个性化推荐 big data,大数据,手机游戏},
  annotation = {30 citations(CNKI)[2022-01-10]{$<$}北大核心{$>$}},
  file = {D\:\\Austi\\Documents\\Zotero\\attachments\\2014\\尤 et al\\基于大数据挖掘构建游戏平台个性化推荐系统的研究与实践\\尤 et al_2014_基于大数据挖掘构建游戏平台个性化推荐系统的研究与实践.pdf}
}

@article{yuJiYuDeepFMMoXingDeGuangGaoTuiJianXiTongYanJiu2019,
  title = {基于DeepFM模型的广告推荐系统研究},
  author = {郁, 豹 and 李, 振华 and 张, 凯 and 胡, 安翔},
  date = {2019},
  journaltitle = {计算机应用与软件},
  volume = {36},
  number = {07},
  pages = {307-310+316},
  issn = {1000-386X},
  url = {https://kns.cnki.net/KCMS/detail/detail.aspx?dbcode=CJFD&dbname=CJFDLAST2019&filename=JYRJ201907053&v=},
  abstract = {随着移动设备普及,移动互联网行业进入了高速发展阶段,信息量和用户量急剧增长,如何在有限的资源下准确地分析用户行为,提升广告效果并保障用户体验显得尤为重要。提出一种由深度神经网络(Deep neural network)和因子分解机(Factorization machine)组成的模型——DeepFM模型来实现社交广告的个性化推荐,其中因子分解机部分主要是提取一阶二阶特征,深度神经网络部分主要提取高阶特征。最终通过研究发现,DeepFM模型比逻辑回归模型(LR模型)及因子分解机(FM模型)的效果都要好。},
  langid = {chinese},
  keywords = {Advertisement recommendation,Deep neural network,DeepFM模型,Factorization machine,Feature extraction,因子分解机 DeepFM model,广告推荐,深度神经网络,特征提取},
  annotation = {13 citations(CNKI)[2022-1-12]{$<$}北大核心{$>$}},
  file = {D\:\\Austi\\Documents\\Zotero\\attachments\\2019\\郁 et al\\基于DeepFM模型的广告推荐系统研究\\郁 et al_2019_基于DeepFM模型的广告推荐系统研究.pdf}
}

@article{yuJiYuYinShiFanKuiShuJuDeGeXingHuaYouXiTuiJian2018,
  title = {基于隐式反馈数据的个性化游戏推荐},
  author = {俞, 东进 and 陈, 聪 and 吴, 建华 and 陈, 耀旺},
  date = {2018},
  journaltitle = {电子学报},
  volume = {46},
  number = {11},
  pages = {2626--2632},
  issn = {0372-2112},
  url = {https://kns.cnki.net/KCMS/detail/detail.aspx?dbcode=CJFD&dbname=CJFDLAST2018&filename=DZXU201811009&v=},
  abstract = {现有推荐系统通常采用评分、评论等显式反馈数据实现个性化推荐.然而,显式反馈数据由于在实际中难以获取或因质量问题而往往变得不可用,从而导致相关推荐算法的应用范围受到很大限制.与此相反,诸如点击行为、浏览记录等隐式反馈数据在现实中大量存在.本文提出了一种面向游戏玩家的基于隐式反馈数据的游戏推荐方法.该方法综合考虑了玩家操作次数、操作时长等隐式反馈数据及其时效性,构建了基于伪评分的玩家对游戏的偏好模型,而后通过改进了的SVD++(Singular Value Decomposition++)算法实现个性化游戏推荐.在大规模真实数据集上的实验结果表明本文提出的方法具有更高的推荐精确率和召回率.},
  langid = {chinese},
  keywords = {game recommendation,implicit feedback,pseudo rating,singular value decomposition ++(SVD ++),SVD++ recommendation system,伪评分,推荐系统,游戏推荐,隐式反馈},
  annotation = {16 citations(CNKI)[2022-01-10]{$<$}北大核心, EI, CSCD{$>$}},
  file = {D\:\\Austi\\Documents\\Zotero\\attachments\\2018\\俞 et al\\基于隐式反馈数据的个性化游戏推荐\\俞 et al_2018_基于隐式反馈数据的个性化游戏推荐.pdf}
}

@inproceedings{zaheerAdaptiveMethodsNonconvex2018,
  title = {Adaptive Methods for Nonconvex Optimization},
  booktitle = {Proceedings of the 32nd {{International Conference}} on {{Neural Information Processing Systems}}},
  author = {Zaheer, Manzil and Reddi, Sashank J. and Sachan, Devendra and Kale, Satyen and Kumar, Sanjiv},
  date = {2018-12-03},
  series = {{{NIPS}}'18},
  pages = {9815--9825},
  publisher = {{Curran Associates Inc.}},
  location = {{Red Hook, NY, USA}},
  abstract = {Adaptive gradient methods that rely on scaling gradients down by the square root of exponential moving averages of past squared gradients, such RMSPROP, ADAM, ADADELTA have found wide application in optimizing the nonconvex problems that arise in deep learning. However, it has been recently demonstrated that such methods can fail to converge even in simple convex optimization settings. In this work, we provide a new analysis of such methods applied to nonconvex stochastic optimization problems, characterizing the effect of increasing minibatch size. Our analysis shows that under this scenario such methods do converge to stationarity up to the statistical limit of variance in the stochastic gradients (scaled by a constant factor). In particular, our result implies that increasing minibatch sizes enables convergence, thus providing a way to circumvent the nonconvergence issues. Furthermore, we provide a new adaptive optimization algorithm, YOGI, which controls the increase in effective learning rate, leading to even better performance with similar theoretical guarantees on convergence. Extensive experiments show that YOGI with very little hyperparameter tuning outperforms methods such as ADAM in several challenging machine learning tasks.},
  file = {D\:\\Austi\\Documents\\Zotero\\attachments\\2018\\Zaheer et al\\Adaptive methods for nonconvex optimization\\Zaheer et al_2018_Adaptive methods for nonconvex optimization.pdf}
}

@article{zhangJiYuTFIDFDeJuanJiShenJingWangLuoXinWenWenBenFenLeiYouHua2020,
  title = {基于TF-IDF的卷积神经网络新闻文本分类优化},
  author = {张, 波 and 黄, 晓芳},
  date = {2020},
  journaltitle = {西南科技大学学报},
  volume = {35},
  number = {01},
  pages = {64--69},
  issn = {1671-8755},
  url = {https://kns.cnki.net/kcms/detail/detail.aspx?dbcode=CJFD&dbname=CJFDLAST2020&filename=XNGX202001010&uniplatform=NZKPT&v=KCBcaTojfK_nk3XdUnJ0iLnqsJe90YRxxjZJyMHhANrJG-rdZ6fDgbxU2_03IQzp},
  urldate = {2022-01-15},
  abstract = {针对使用词语级别的预训练嵌入向量初始化卷积神经网络的嵌入层在计算资源有限时存在内存溢出和训练时间长的问题,对新闻文本作出假设:去除部分不重要的词语不会影响最终分类效果,并基于TF-IDF提出一种类别关键词提取方法。通过提取类别的关键词减少词表,进一步减小嵌入矩阵的大小。在THUCNews数据集上进行的实验表明:当嵌入矩阵参数减少近89\%时,在CPU的训练时间减少约49\%,模型大小减少约87\%,分类性能不受影响。},
  langid = {chinese},
  keywords = {Convolutional neural networks,Pre-trained words vectors,Text classification,TF-IDF,卷积神经网络,嵌入向量,文本分类},
  file = {D\:\\Austi\\Documents\\Zotero\\attachments\\2020\\张_黄\\基于TF-IDF的卷积神经网络新闻文本分类优化\\张_黄_2020_基于TF-IDF的卷积神经网络新闻文本分类优化.pdf}
}

@article{zhangJiYuZuHeJuanJiShenJingWangLuoDeZhongWenXinWenWenBenFenLei2021,
  title = {基于组合-卷积神经网络的中文新闻文本分类},
  author = {张, 昱 and 刘, 开峰 and 张, 全新 and 王, 艳歌 and 高, 凯龙},
  date = {2021},
  journaltitle = {电子学报},
  volume = {49},
  number = {06},
  pages = {1059--1067},
  issn = {0372-2112},
  url = {https://kns.cnki.net/kcms/detail/detail.aspx?dbcode=CJFD&dbname=CJFDLAST2021&filename=DZXU202106003&uniplatform=NZKPT&v=PN4bg5t5W2rC825J3L7RtiJ3w4lkzUQFh-wlON3HxoAmtlUJHCvh2pAQvQRmdWTF},
  urldate = {2022-01-15},
  abstract = {目前的新闻分类研究以英文居多,而且常用的传统机器学习方法在长文本处理方面,存在局部文本块特征提取不完善的问题.为了解决中文新闻分类缺乏专门术语集的问题,采用构造数据索引的方法,制作了适合中文新闻分类的词汇表,并结合word2vec预训练词向量进行文本特征构建.为了解决特征提取不完善的问题,通过改进经典卷积神经网络模型结构,研究不同的卷积和池化操作对分类结果的影响.为提高新闻文本分类的精确率,本文提出并实现了一种组合-卷积神经网络模型,设计了有效的模型正则化和优化方法.实验结果表明,组合-卷积神经网络模型对中文新闻文本分类的精确率达到93.69\%,相比最优的传统机器学习方法和经典卷积神经网络模型...},
  langid = {chinese},
  keywords = {Chinese news,combined-convolutional neural network,natural language processing,text classification,word vector,中文新闻,文本分类,组合-卷积神经网络,自然语言处理,词向量},
  file = {D\:\\Austi\\Documents\\Zotero\\attachments\\2021\\张 et al\\基于组合-卷积神经网络的中文新闻文本分类\\张 et al_2021_基于组合-卷积神经网络的中文新闻文本分类.pdf}
}

@article{zhouCNNRNNBasedIntelligent2021,
  title = {{{CNN-RNN Based Intelligent Recommendation}} for {{Online Medical Pre-Diagnosis Support}}},
  author = {Zhou, Xiaokang and Li, Yue and Liang, Wei},
  date = {2021-05},
  journaltitle = {IEEE/ACM Transactions on Computational Biology and Bioinformatics},
  volume = {18},
  number = {3},
  pages = {912--921},
  issn = {1557-9964},
  doi = {10.1109/TCBB.2020.2994780},
  abstract = {The rapidly developed Health 2.0 technology has provided people with more opportunities to conduct online medical consultation than ever before. Understanding contexts within different online medical communications and activities becomes a significant issue to facilitate patients’ medical decision making process. As a subcategory of machine learning, neural networks have drawn increasing attentions in natural language processing applications. In this article, we focus on modeling and analyzing the patient-physician-generated data based on an integrated CNN-RNN framework, in order to deal with the situation that patients’ online inquiries are usually not very long. A so-called DP-CRNN algorithm is developed with a newly designed neural network structure, to extract and highlight the combination of semantic and sequential features in terms of patient's inquiries. An intelligent recommendation method is then proposed to provide patients with automatic clinic guidance and pre-diagnosis suggestions, in which a clustering mechanism is utilized to refine the learning process with more precise diagnosis scope and more representative features. Experiments based on the collected real world data demonstrate the effectiveness of our proposed model and method for intelligent pre-diagnosis service in online medical environments.},
  eventtitle = {{{IEEE}}/{{ACM Transactions}} on {{Computational Biology}} and {{Bioinformatics}}},
  keywords = {Convolutional neural network,Convolutional neural networks,Feature extraction,intelligent recommendation,Machine learning,Medical diagnostic imaging,natural language processing,online medical diagnosis,online medical inquiry,recurrent neural network,Recurrent neural networks,Task analysis},
  file = {D\:\\Austi\\Documents\\Zotero\\attachments\\2021\\Zhou et al\\CNN-RNN Based Intelligent Recommendation for Online Medical Pre-Diagnosis\\Zhou et al_2021_CNN-RNN Based Intelligent Recommendation for Online Medical Pre-Diagnosis.pdf;D\:\\Austi\\Documents\\Zotero\\config\\storage\\BS4TKB62\\9093981.html}
}

@article{zhouTuiJianXiTongYanJiuZongShu2020,
  title = {推荐系统研究综述},
  author = {周, 万珍 and 曹, 迪 and 许, 云峰 and 刘, 滨},
  date = {2020},
  journaltitle = {河北科技大学学报},
  volume = {41},
  number = {01},
  pages = {76--87},
  issn = {1008-1542},
  url = {https://kns.cnki.net/KCMS/detail/detail.aspx?dbcode=CJFD&dbname=CJFDLAST2020&filename=HBQJ202001011&v=},
  abstract = {随着互联网技术的快速发展,如何对海量网络信息进行挖掘分析,已成为热点和难点问题。推荐系统能够帮助用户在没有明确需求或者信息量巨大时解决信息过载的问题,为用户提供精准、快速的业务(如商品、项目、服务等)信息,成为近年来产业界和学术界共同的兴趣点和研究热点,但是,目前数据的种类多种多样并且应用场景广泛,在面对这种情况时,推荐系统也会遇到冷启动、稀疏矩阵等挑战。深度学习是机器学习的一个重要研究领域和分支,近年来发展迅猛。研究人员使用深度学习方法,在语音识别、图像处理、自然语言处理等领域都取得了很大的突破与成就。目前,深度学习在推荐领域也得到了许多研究人员的青睐,成为推荐领域的一个新方向。推荐方法中融合深度学习技术,可以有效解决传统推荐系统中冷启动、稀疏矩阵等问题,提高推荐系统的性能和推荐精度。文中主要对传统的推荐方法和当前深度学习技术中神经网络在推荐方法上的应用进行了归纳,其中传统推荐方法主要分为以下3类:1)基于内容推荐方法主要依据用户与项目之间的特征信息,用户之间的联系不会影响推荐结果,所以不存在冷启动和稀疏矩阵的问题,但是基于内容推荐的结果新颖程度低并且面临特征提取的问题。2)协同过滤推荐方法是目前应用最为广泛的一种方法,不需要有关用户或项目的信息,只基于用户和诸如点击、浏览和评级等项目的交互信息做出准确的推荐。虽然该方法简单有效但是会出现稀疏矩阵和冷启动的问题。3)混合推荐方法融合了前2种传统推荐方法的特点,能取得很好的推荐效果,但在处理文本、图像等多源异构辅助信息时仍面临一些挑战与困难。依据神经网络基于深度学习的推荐方法主要分为4类:基于深度神经网络(DNN)的推荐方法、基于卷积神经网络(CNN)的推荐方法、基于循环神经网络(RNN)和长短期记忆神经网络(LSTM)的推荐方法、基于图神经网络(GNN)的推荐方法、将深度学习技术融入到推荐领域,构造的模型具有以下优势:具有较强的表征能力,可以直接从内容中提取用户和项目特征;具有较强的抗噪能力,可以轻易地处理含有噪声的数据;可以对动态或者序列数据进行建模;可以更加精准地学习用户或项目特征;便于对数据进行统一处理,并且可以处理大规模数据。将深度学习技术应用到推荐领域,可以积极有效地应对传统推荐方法面临的挑战,提高推荐效果。},
  langid = {chinese},
  keywords = {data mining,deep learning,information overload,recommendation system,信息过载 computer neural network,推荐系统,数据挖掘,深度学习,计算机神经网络},
  annotation = {47 citations(CNKI)[2022-1-12]},
  file = {D\:\\Austi\\Documents\\Zotero\\attachments\\2020\\周 et al\\推荐系统研究综述\\周 et al_2020_推荐系统研究综述.pdf}
}

@book{zhouzhihuaJiQiXueXi,
  title = {机器学习},
  author = {{周志华}},
  edition = {2016年1月第1版},
  publisher = {{清华大学出版社}},
  location = {{北京}},
  isbn = {978-7-302-42328-7}
}

@preamble{ "\ifdefined\DeclarePrefChars\DeclarePrefChars{'’-}\else\fi " }

